conference
@String{ABZ = "ABZ"}
@String{AOSD = "AOSD"}
@String{APSEC = "APSEC"}
@String{ASE = "ASE"}
@String{ASPLOS = "ASPLOS"}
@String{BSDCan = "BSDCan"}
@String{CADE = "CADE"}
@String{CAiSE = "CAiSE"}
@String{CASCON = "CASCON"}
@String{CASSIS = "CASSIS"}
@String{CAV = "CAV"}
@String{COMPSAC = "COMPSAC"}
@String{COORDINATION = "COORDINATION"}
@String{CSMR = "CSMR"}
@String{EASE = "EASE"}
@String{ECBS = "ECBS"}
@String{ECMDA = "ECMDA"}
@String{ECOOP = "ECOOP"}
@String{ESEC = "ESEC"}
@String{ESECFSE = "ESECFSE"}
@String{ESOP = "ESOP"}
@String{EuroSys = "EuroSys"}
@String{FASE = "FASE"}
@String{FMOODS = "FMOODS"}
@String{FMOODSFORTE = "FMOODS/FORTE"}
@String{FoVeOOS = "FoVeOOS"}
@String{FSEN = "FSEN"}
@String{GCSE = "GCSE"}
@String{GECCO="GECCO"}
@String{GPCE = "GPCE"}
@String{GPCE13 = "GPCE"}
@String{ICAI = "ICAI"}
@String{ICCAD = "ICCAD"}
@String{ICECCS = "ICECCS"}
@String{ICFI = "ICFI"}
@String{ICFP = "ICFP"}
@String{ICPC = "ICPC"}
@String{ICSE = "ICSE"}
@String{ICSEC = "ICSEC"}
@String{ICSM = "ICSM"}
@String{ICSME = "ICSME"}
@String{ICSR = "ICSR"}
@String{ICST = "ICST"}
@String{ICTCS	= "ICTCS"},
@String{ICTSS = "ICTSS"}
@String{IDPT = "IDPT"}
@String{iFM = "iFM"}
@String{IPISE = "IPISE"}
@String{ITNG = "ITNG"}
@String{JMLC = "JMLC"}
@String{MSR="MSR"}
@String{NaBIC="NaBIC"}
@String{NATOSE = "NATO SE"}
@String{NFM = "NFM"}
@String{MODELS = "MODELS"}
@String{MODELSWARD = "MODELSWARD"}
@String{MODULARITY = "Modularity"}
@String{NODe = "NODe"},
@String{OOPSLA = "OOPSLA"}
@String{PLDI = "PLDI"}
@String{POPL = "POPL"}
@String{Promise="Promise"}
@String{QSIC="QSIC"}
@String{RAMiCS = "RAMiCS"}
@String{RE = "RE"}
@String{REFLECTION = "REFLECTION"}
@String{REFSQ = "REFSQ"}
@String{RISE = "RISE"}
@String{RV = "RV"}
@String{SANER = "SANER"}
@String{SE = "SE"}
@String{SEKE = "SEKE"}
@String{SERENE = "SERENE"}
@String{SERP = "SERP"}
@String{SETSS = "SETSS"}
@String{SIGMOD = "SIGMOD"}
@String{SLE = "SLE"}
@String{SOFSEM = "SOFSEM"}
@String{SPLC = "SPLC"}
@String{SPLASH = "SPLASH"}
@String{TAP = "TAP"}
@String{TOOLSeurope = "TOOLS Europe"}
@String{TOOLSpacific = "TOOLS Pacific"}
@String{VSTTE = "VSTTE"}
@String{WCRE = "WCRE"}
@String{WICSA = "WICSA"}

workshop
@String{AOAsia = "AOAsia"}
@String{APLE = "APLE"}
@String{ASAS = "ASAS"}
@String{ConfWS = "ConfWS"}
@String{Eclipse = "Eclipse"}
@String{EIWAS = "EIWAS"}
@String{FMSPLE = "FMSPLE"}
@String{FOAL = "FOAL"}
@String{FOOL = "FOOL"}
@String{FOSD = "FOSD"}
@String{FTfJP = "FTfJP"}
@String{GP = "GP"}
@String{MAPLESCALE = "MAPLE/SCALE"}
@String{MASPEGHI = "MASPEGHI"}
@String{MVOOPL = "MVOOPL"}
@String{MBEES = "MBEES"}
@String{MODIQUITOUS = "MODIQUITOUS"}
@String{Monterey = "Monterey Workshop"}
@String{MultiPLE = "MultiPLE"}
@String{MVOOPL = "MVOOPL"}
@String{OOZ = "OOZ"}
@String{OSSPL = "OSSPL"}
@String{PASTE = "PASTE"}
@String{PLAS = "PLAS"}
@String{PLEASE = "PLEASE"}
@String{PFE = "PFE"}
@String{InnoSWDev = "InnoSWDev"}
@String{IWPC = "IWPC"}
@String{IW-SAPF = "IW-SAPF"}
@String{IWSSD = "IWSSD"}
@String{REVE = "REVE"}
@String{ROSATEA = "ROSATEA"}
@String{SATTOSE ="SATToSE"}
@String{SAVCBS = "SAVCBS"}
@String{SCAM = "SCAM"}
@String{SEAS = "SEAS"}
@String{SF = "SF"}
@String{SPLAT = "SPLAT"}
@String{SPLATools = "SPLat"}
@String{SVMPD = "SVMPD"}
@String{SWESE = "SWESE"}
@String{ViSPLE = "ViSPLE"}
@String{VaMoS = "VaMoS"}
@String{VAST = "VAST"}
@String{WASP = "LA-WASP"}
@String{VariComp="VariComp"}
@String{MISS="MISS"}

symposium
@String{DLS = "DLS"}
@String{FACS = "FACS"}
@String{FHIES = "FHIES"}
@String{FM = "FM"}
@String{FMCO = "FMCO"}
@String{FME = "FME"}
@String{FSE	= "FSE"}
@String{GCSE = "GCSE"}
@String{HASE = "HASE"}
@String{ISOLA = "ISOLA"}
@String{ISORC = "ISORC"}
@String{ISSRE = "ISSRE"}
@String{ISSTA = "ISSTA"}
@String{OSDI = "OSDI"}
@String{POPL = "POPL"}
@String{SAC = "SAC"}
@String{SBES = "SBES"}
@String{SBLP = "SBLP"}
@String{SC = "SC"}
@String{SSR = "SSR"}
@String{SST = "SST"}
@String{VLHCC = "VL/HCC"}

journal
@String{AUSE = "AUSE"}
@String{CACM = "Comm.\ ACM"}
@String{ComNet = "ComNet"}
@String{Computer = "IEEE Computer"}
@String{CSUR = "CSUR"}
@String{EMSE = "EMSE"}
@String{FAC = "FAC"}
@String{FMSD = "FMSD"}
@String{IC = "IC"}
@String{IJCSI = "IJCSI"}
@String{IJSEKE = "IJSEKE"}
@String{IS = "IS"}
@String{IST = "IST"}
@String{JBCS = "JBCS"}
@String{JACM = "J.\ ACM"}
@String{JAR = "JAR"}
@String{JBCS = "JBCS"}
@String{JLAMP = "JLAMP"}
@String{JLAP = "JLAP"}
@String{JOT = "JOT"}
@String{JSEP = "JSEP"}
@String{JSS = "JSS"}
@String{JUCS = "J.UCS"}
@String{NJC = "NJC"}
@String{OSR = "OSR"}
@String{REJ = "REJ"}
@String{SCP = "SCP"}
@String{SEN = "SEN"}
@String{SIGPLAN = "SIGPLAN Not."}
@String{SME = "SME"}
@String{JSME = "JSME"}
@String{Software = "IEEE Software"}
@String{SPE = "SPE"}
@String{SQJ = "SQJ"}
@String{STTT = "STTT"}
@String{SOSYM = "SoSyM"}
@String{STVR = "STVR"}
@String{TAOSD = "TAOSD"}
@String{TCS = "TCS"}
@String{TOIS = "TOIS"}
@String{TOPLAS = "TOPLAS"}
@String{TOSEM = "TOSEM"}
@String{TSE = "TSE"}

publisher and address
@String{ACM = "ACM"}
 @String{NY = "New York, NY, USA"}
@String{ACM-AWL = "ACM/Addison-Wesley"}
@String{AddisonWesleyLongman = "Addison-Wesley"},
 @String{Boston = "Boston, MA, USA"},
@String{Cambridge = "Cambridge University Press"},
@String{ChapmanHallCRC = "Chapman \& Hall/CRC"}
@String{Elsevier = "Elsevier Science Inc."}
@String{ElsevierNorthHolland = "Elsevier North-Holland, Inc."}
 @String{Amsterdam = "Amsterdam, The Netherlands"}
@String{IEEE = "IEEE"}
 @String{Washington = "Washington, DC, USA"}
 @String{Piscataway = "Piscataway, NJ, USA"}
 @String{LosAlamitos = "Los Alamitos, CA, USA"}
@String{Springer = "Springer"},
 @String{BerlinHeidelberg = "Berlin, Heidelberg"}
 @String{London = "London, UK"}
 @String{Secaucus = "Secaucus, NJ, USA"}
@String{IOS = "IOS Press"}
@String{PrenticeHall = "Prentice-Hall Inc."}
 @String{UpperSaddleRiver = "Upper Saddle River, NJ, USA"}
@String{Kluwer = "Kluwer Academic Publishers"}
 @String{Hingham = "Hingham, MA, USA"}
@String{SEI = "Software Engineering Institute"}
 @String{Pittsburgh = "Pittsburgh, PA, USA"}

other
@String{MIT = "MIT"}
@String{CoRR = "CoRR"}
@String{GTTSE = "GTTSE"}
