@online{bluej,
	title={{Bluej IDE}},
	author={King's College London},
	howpublished={\url{https://www.bluej.org/}},
	note={Accessed at January 06, 2020}
}

@online{marlin,
	title={{Marlin Firmware}},
	author={Erik van der Zalm},
	howpublished={\url{http://marlinfw.org/}},
	note={Accessed at December 02, 2019}
}

@online{linux,
	title={{Linux Operating System}},
	author={Linus Torvalds},
	howpublished={\url{www.kernel.org}},
	note={Accessed at December 02, 2019}
}
