

@mastersthesis{Schiessl22,
  type = {Master's Thesis},
  author = {Dominik Schiessl},
  title = {An Incremental #SAT Solver for Efficient Analysis of Feature Models},
  year = {2022},
  month = {1},
  booktitle = { (To Appear)},
  address = {Germany},
  school = {University of Ulm},
  tags = {SupervisorCS, SupervisorTT, FMCounting},
  note = {To appear}
}

@mastersthesis{Raab22,
  type = {Bachelor's Thesis},
  author = {Heiko Raab},
  title = {Exploiting d-DNNFs for Efficient Cardinality-Based Feature-Model Analyses},
  year = {2022},
  month = {1},
  booktitle = { (To Appear)},
  address = {Germany},
  school = {University of Ulm},
  tags = {SupervisorCS, SupervisorTT, FMCounting},
  note = {To appear}
}

@mastersthesis{Tschada21,
  type = {Bachelor's Thesis},
  author = {Marcel Tschada},
  title = {Generating Taxonomies of Feature-Model Anomalies},
  year = {2021},
  month = {9},
  booktitle = { (To Appear)},
  address = {Germany},
  school = {TU Braunschweig},
  tags = {SupervisorTT},
  note = {To appear}
}

@mastersthesis{Kistner22,
  type = {Bachelor's Thesis},
  author = {Konstantin Kistner},
  title = {Survey and Evaluation of Dynamic Variable Ordering Heuristics for the Construction of Binary Decision Diagrams},
  year = {2022},
  month = {1},
  address = {Germany},
  school = {University of Ulm},
  tags = {SupervisorTH, SupervisorTT},
  note = {}
}

@mastersthesis{Witschel21,
  type = {Master's Thesis},
  author = {Tim Witschel},
  title = {Generating Optimized Samples with Attributed Feature Models},
  year = {2021},
  month = {11},
  address = {Germany},
  school = {TU Braunschweig},
  doi = {10.24355/dbbs.084-202201210857-0},
  tags = {SupervisorTT},
  url = {https://publikationsserver.tu-braunschweig.de/servlets/MCRFileNodeServlet/dbbs_derivate_00048775/Witschel%20Masters%20Thesis%20Generating%20Optimized%20Samples.pdf},
  note = {}
}

@mastersthesis{WitschelProject21,
  type = {Project Thesis},
  author = {Tim Witschel},
  title = {Analyzing Sampling Stability of Highly Configurable Systems},
  year = {2021},
  month = {3},
  address = {Germany},
  school = {TU Braunschweig},
  doi = {10.24355/dbbs.084-202201211010-0},
  tags = {SupervisorTT},
  url = {https://publikationsserver.tu-braunschweig.de/servlets/MCRFileNodeServlet/dbbs_derivate_00048776/Witschel%20Analyzing%20Sampling%20Stability.pdf},
  note = {}
}

@mastersthesis{Netzer21,
  type = {Bachelor's Thesis},
  author = {Timo Netzer},
  title = {Development of a Parallelized BDD Library in Rust},
  year = {2021},
  month = {7},
  address = {Germany},
  school = {University of Ulm},
  doi = {10.18725/OPARU-39798},
  tags = {SupervisorTH, SupervisorTT},
  url = {https://oparu.uni-ulm.de/xmlui/bitstream/handle/123456789/39874/thesis_netzer.pdf},
  note = {}
}

@mastersthesis{Viegener21,
  type = {Bachelor's Thesis},
  author = {Sören Viegener},
  title = {Empirical Evaluation of Feature Trace Recording on the Edit History of Marlin},
  year = {2021},
  month = {4},
  address = {Germany},
  school = {University of Ulm},
  doi = {10.18725/OPARU-38603},
  tags = {SupervisorTT, SupervisorPB, VariantSyncPub},
  url = {https://oparu.uni-ulm.de/xmlui/bitstream/handle/123456789/38679/BA_Viegener.pdf},
  note = {}
}

@mastersthesis{Arens21,
  type = {Bachelor's Thesis},
  author = {Rahel Arens},
  title = {Incremental Construction of Modal Implication Graphs for Feature-Model Evolution},
  year = {2021},
  month = {1},
  address = {Germany},
  school = {TU Braunschweig},
  doi = {10.24355/dbbs.084-202107050823-0},
  tags = {SupervisorTT},
  url = {https://publikationsserver.tu-braunschweig.de/servlets/MCRFileNodeServlet/dbbs_derivate_00048313/Arens_Rahel_Bachelorarbeit_4570828.pdf},
  note = {}
}

@phdthesis{Y21,
  author = {Jeffrey M. Young},
  title = {Variational Satisfiability Solving (PhD Thesis)},
  year = {2021},
  month = {6},
  address = {USA},
  school = {Oregon State University},
  tags = {SupervisorTT},
  url = {https://ir.library.oregonstate.edu/concern/graduate_thesis_or_dissertations/dv140182g?locale=en},
  note = {}
}

@mastersthesis{Westphal20,
  type = {Bachelor's Thesis},
  author = {Paul Westphal},
  title = {Deriving Subset Software Product Lines Using Partial Configurations with FeatureIDE},
  year = {2020},
  month = {8},
  address = {Germany},
  school = {TU Braunschweig},
  doi = {10.24355/dbbs.084-202011201423-0},
  tags = {SupervisorTT},
  url = {https://publikationsserver.tu-braunschweig.de/servlets/MCRFileNodeServlet/dbbs_derivate_00047852/Westphal_thesis.pdf},
  note = {}
}

@mastersthesis{Sprey20,
  type = {Master's Thesis},
  author = {Joshua Sprey},
  title = {Automated Comparison of Product Sampling Algorithms},
  year = {2020},
  month = {8},
  address = {Germany},
  school = {TU Braunschweig},
  doi = {10.24355/dbbs.084-202009211318-0},
  tags = {SupervisorTT},
  url = {https://publikationsserver.tu-braunschweig.de/servlets/MCRFileNodeServlet/dbbs_derivate_00047730/Sprey_Masterthesis.pdf},
  note = {}
}

@mastersthesis{Mund20,
  type = {Master's Thesis},
  author = {Niklas Mund},
  title = {Continuous T-Wise Coverage},
  year = {2020},
  month = {10},
  address = {Germany},
  school = {TU Braunschweig},
  tags = {SupervisorTT},
  note = {}
}

@mastersthesis{Hess20,
  type = {Master's Thesis},
  author = {Tobias Heß},
  title = {Binary Decision Diagrams for the Analysis of Large Feature Models},
  year = {2020},
  month = {11},
  address = {Germany},
  school = {University of Ulm},
  tags = {SupervisorTT},
  note = {}
}

@mastersthesis{Engelhardt20,
  type = {Master's Thesis},
  author = {Dominik Engelhardt},
  title = {Towards a Universal Variability Language},
  year = {2020},
  month = {8},
  address = {Germany},
  school = {TU Braunschweig},
  doi = {10.24355/dbbs.084-202008211051-0},
  tags = {SupervisorTT},
  url = {https://publikationsserver.tu-braunschweig.de/servlets/MCRFileNodeServlet/dbbs_derivate_00047673/Engelhardt_Thesis.pdf},
  note = {}
}

@mastersthesis{Sundermann20,
  type = {Master's Thesis},
  author = {Chico Sundermann},
  title = {Applications of #SAT Solvers on Product Lines},
  year = {2020},
  month = {8},
  address = {Germany},
  school = {TU Braunschweig},
  doi = {10.24355/dbbs.084-202009161329-0},
  tags = {SupervisorTT},
  url = {https://publikationsserver.tu-braunschweig.de/servlets/MCRFileNodeServlet/dbbs_derivate_00047722/Masters_Thesis_Chico_Sundermann_4633286_22072020.pdf},
  note = {}
}

@mastersthesis{Bittner20,
  type = {Master's Thesis},
  author = {Paul Maximilian Bittner},
  title = {Semi-Automated Inference of Feature Traceability During Software Development},
  year = {2020},
  month = {2},
  address = {Germany},
  school = {TU Braunschweig},
  doi = {10.24355/dbbs.084-202002271120-0},
  tags = {SupervisorTT, VariantSyncMT},
  url = {https://publikationsserver.tu-braunschweig.de/servlets/MCRFileNodeServlet/dbbs_derivate_00047261/Master_Thesis_Paul_Bittner.pdf},
  note = {}
}

@mastersthesis{Sprey19,
  type = {Project Thesis},
  author = {Joshua Sprey},
  title = {SMT-Based Variability Analyses in FeatureIDE (Project Thesis)},
  year = {2019},
  month = {12},
  address = {Germany},
  school = {TU Braunschweig},
  tags = {SupervisorTT},
  url = {https://github.com/SoftVarE-Group/Papers/raw/master/2020/2020-VaMoS-Sprey.pdf},
  note = {}
}

@mastersthesis{Sundermann19,
  type = {Project Thesis},
  author = {Chico Sundermann},
  title = {Evaluating #SAT-Solvers on Industrial Feature Models},
  year = {2019},
  month = {12},
  address = {Germany},
  school = {TU Braunschweig},
  tags = {SupervisorTT},
  url = {https://github.com/SoftVarE-Group/Papers/raw/master/2020/2020-VaMoS-Sundermann.pdf},
  note = {}
}

@mastersthesis{Bittner19,
  type = {Project Thesis},
  author = {Paul Maximilian Bittner},
  title = {SAT Encodings of the At-Most-k Constraint - A Case Study on Configuring University Courses (Project Thesis)},
  year = {2019},
  month = {3},
  address = {Germany},
  school = {TU Braunschweig},
  tags = {SupervisorTT},
  url = {https://github.com/SoftVarE-Group/Papers/raw/master/2019/2019-SEFM-Bittner.pdf},
  note = {}
}

@mastersthesis{SpreySundermann18,
  type = {Bachelor's Thesis},
  author = {Joshua Sprey and Chico Sundermann},
  title = {Computing Attribute Ranges for Partial Configurations with JavaSMT},
  year = {2018},
  month = {4},
  address = {Germany},
  school = {TU Braunschweig},
  doi = {10.24355/dbbs.084-201807060926-0},
  tags = {SupervisorTT},
  url = {https://publikationsserver.tu-braunschweig.de/servlets/MCRFileNodeServlet/dbbs_derivate_00044588/Thesis_Sprey_Sundermann.pdf},
  note = {}
}

@mastersthesis{Thiele18,
  type = {Master's Thesis},
  author = {Nico Thiele},
  title = {Re-Engineering Feature Models from Product Configurators},
  year = {2018},
  month = {11},
  address = {Germany},
  school = {TU Braunschweig},
  doi = {10.24355/dbbs.084-201812111501-0},
  tags = {SupervisorTT},
  url = {https://publikationsserver.tu-braunschweig.de/servlets/MCRFileNodeServlet/dbbs_derivate_00044869/Master_Thesis_Nico_Thiele.pdf},
  note = {}
}

@mastersthesis{Sontag18,
  type = {Master's Thesis},
  author = {Christopher Sontag},
  title = {Recording Feature Mappings During Evolution of Cloned Variants},
  year = {2018},
  month = {9},
  address = {Germany},
  school = {TU Braunschweig},
  doi = {10.24355/dbbs.084-201812191127-0},
  tags = {VariantSyncMT, SupervisorTT},
  url = {https://publikationsserver.tu-braunschweig.de/servlets/MCRFileNodeServlet/dbbs_derivate_00044881/Sontag_Master_Thesis.pdf},
  note = {}
}

@mastersthesis{Pett18,
  type = {Master's Thesis},
  author = {Tobias Pett},
  title = {Stability of Product Sampling under Product-Line Evolution},
  year = {2018},
  month = {11},
  address = {Germany},
  school = {TU Braunschweig},
  doi = {10.24355/dbbs.084-201812111412-0},
  tags = {SupervisorTT},
  url = {https://publikationsserver.tu-braunschweig.de/servlets/MCRFileNodeServlet/dbbs_derivate_00044868/master_thesis_tobias_pett.pdf},
  note = {}
}

@mastersthesis{Pardylla17,
  type = {Master's Thesis},
  author = {Carsten Immanuel Pardylla (Burmeister)},
  title = {Ein Erfahrungsbericht zur Deduktiven Verifikation mit KeY},
  year = {2017},
  month = {12},
  address = {Germany},
  school = {TU Braunschweig},
  doi = {10.24355/dbbs.084-201801311013},
  tags = {SupervisorTT},
  url = {https://publikationsserver.tu-braunschweig.de/servlets/MCRFileNodeServlet/dbbs_derivate_00044294/Pardylla-Ein_Erfahrungsbericht_zur_Deduktiven_Verifikation_mit_KeY.pdf},
  note = {In German}
}

@mastersthesis{BolleM17,
  type = {Master's Thesis},
  author = {Stefanie Bolle},
  title = {Feature-orientiertes Framing für die Verifikation von Software-Produktlinien},
  year = {2017},
  month = {11},
  address = {Germany},
  school = {TU Braunschweig},
  doi = {10.24355/dbbs.084-201711280920},
  tags = {SupervisorTT},
  url = {https://publikationsserver.tu-braunschweig.de/servlets/MCRFileNodeServlet/dbbs_derivate_00044117/Masterarbeit-Stefanie_Bolle.pdf},
  note = {In German}
}

@mastersthesis{BolleP17,
  type = {Project Thesis},
  author = {Stefanie Bolle},
  title = {Automating Deductive Verification of Software Product Lines},
  year = {2017},
  month = {3},
  address = {Germany},
  school = {TU Braunschweig},
  tags = {SupervisorTT},
  note = {}
}

@mastersthesis{Burmeister17,
  type = {Project Thesis},
  author = {Carsten Immanuel Burmeister},
  title = {On the Scalability of Contracting and Inlining for Deductive Verification},
  year = {2017},
  month = {3},
  address = {Germany},
  school = {TU Braunschweig},
  tags = {SupervisorTT},
  note = {}
}

@mastersthesis{Sontag17,
  type = {Project Thesis},
  author = {Christopher Sontag},
  title = {VariantSync: Automating the Synchronization of Software Variants},
  year = {2017},
  month = {12},
  address = {Germany},
  school = {TU Braunschweig},
  tags = {SupervisorTT, VariantSyncPT},
  url = {https://www.youtube.com/watch?v=JMIDvWYvaR0&list=PLBZnGZWZgEBZ8Me6WDQGdQRg438_Z4sl_&index=2},
  note = {}
}

@mastersthesis{Kanning17,
  type = {Master's Thesis},
  author = {Frederik Kanning},
  title = {Presence Condition Reasoning with Feature Model Interfaces},
  year = {2017},
  month = {1},
  address = {Germany},
  school = {TU Braunschweig},
  doi = {10.24355/dbbs.084-201702231449-0},
  tags = {SupervisorTT},
  url = {https://publikationsserver.tu-braunschweig.de/servlets/MCRFileNodeServlet/dbbs_derivate_00043191/ma_kanning.pdf},
  note = {}
}

@mastersthesis{Guenther17,
  type = {Master's Thesis},
  author = {Timo Günther},
  title = {Explaining Satisfiability Queries for Software Product Lines},
  year = {2017},
  month = {11},
  address = {Germany},
  school = {TU Braunschweig},
  doi = {10.24355/dbbs.084-201711171100},
  tags = {SupervisorTT},
  url = {https://publikationsserver.tu-braunschweig.de/servlets/MCRFileNodeServlet/dbbs_derivate_00044082/Guenther_Timo_Explaining_Satisfiabiltiy_Queries_for_Software_Product_Lines.pdf},
  note = {}
}

@mastersthesis{Sontag16,
  type = {Bachelor's Thesis},
  author = {Christopher Sontag},
  title = {FeatFork: Feature Tracking in Preprocessor-Based Forks},
  year = {2016},
  month = {5},
  address = {Germany},
  school = {TU Braunschweig},
  tags = {SupervisorTT},
  note = {}
}

@mastersthesis{Guenther16,
  type = {Project Thesis},
  author = {Timo Günther},
  title = {Visual Explanation of Defects in Feature Diagrams},
  year = {2016},
  month = {12},
  address = {Germany},
  school = {TU Braunschweig},
  tags = {SupervisorTT},
  url = {https://youtu.be/0n-CibotBnc},
  note = {}
}

@mastersthesis{Hess16,
  type = {Bachelor's Thesis},
  author = {Tobias Heß},
  title = {The Valued Workflow Satisfiability Problem and Its Solving With an Evolutionary Algorithm},
  year = {2016},
  month = {11},
  address = {Germany},
  school = {University of Ulm},
  note = {Supervised by Prof. Henning Bruhn-Fujimoto}
}

@mastersthesis{Knueppel16,
  type = {Master's Thesis},
  author = {Alexander Knüppel},
  title = {The Role of Complex Constraints in Feature Modeling},
  year = {2016},
  month = {7},
  address = {Germany},
  school = {TU Braunschweig},
  doi = {10.24355/dbbs.084-201701181304-0},
  tags = {SupervisorTT},
  url = {https://publikationsserver.tu-braunschweig.de/servlets/MCRFileNodeServlet/dbbs_derivate_00043003/thesisKnueppel16.pdf},
  note = {}
}

@mastersthesis{Ananieva16,
  type = {Master's Thesis},
  author = {Sofia Ananieva},
  title = {Explaining Defects and Identifying Dependencies in Interrelated Feature Models},
  year = {2016},
  month = {9},
  address = {Germany},
  school = {TU Braunschweig},
  doi = {10.24355/dbbs.084-201701191034-0},
  tags = {SupervisorTT},
  url = {https://publikationsserver.tu-braunschweig.de/servlets/MCRFileNodeServlet/dbbs_derivate_00043005/thesisAnanieva16.pdf},
  note = {}
}

@mastersthesis{Menzel16,
  type = {Master's Thesis},
  author = {Vasco Menzel},
  title = {Metaanalyse zu Strategien für die formale Verifikation von Software-Produktlinien},
  year = {2016},
  month = {2},
  address = {Germany},
  school = {TU Braunschweig},
  tags = {SupervisorTT},
  url = {https://www.isf.cs.tu-bs.de/cms/team/thuem/downloads/thesisMenzel16.pdf},
  note = {In German}
}

@mastersthesis{Pfofe16,
  type = {Master's Thesis},
  author = {Tristan Pfofe},
  title = {Automating the Synchronization of Software Variants},
  year = {2016},
  month = {1},
  address = {Germany},
  school = {University of Magdeburg},
  tags = {VariantSyncMT, SupervisorTT},
  url = {https://www.isf.cs.tu-bs.de/cms/team/thuem/downloads/thesisPfofe16.pdf},
  note = {}
}

@mastersthesis{Krieter15,
  type = {Master's Thesis},
  author = {Sebastian Krieter},
  title = {Efficient Configuration of Large-Scale Feature Models Using Extended Implication Graphs},
  year = {2015},
  month = {10},
  address = {Germany},
  school = {University of Magdeburg},
  tags = {SupervisorTT},
  url = {https://wwwiti.cs.uni-magdeburg.de/iti_db/publikationen/ps/auto/thesisKrieter15.pdf},
  note = {}
}

@mastersthesis{Meinicke14,
  type = {Master's Thesis},
  author = {Jens Meinicke},
  title = {VarexJ: A Variability-Aware Interpreter for Java Applications},
  year = {2014},
  month = {12},
  address = {Germany},
  school = {University of Magdeburg},
  tags = {SupervisorTT},
  url = {https://wwwiti.cs.uni-magdeburg.de/iti_db/publikationen/ps/auto/M14.pdf},
  note = {}
}

@mastersthesis{Krueger14,
  type = {Master's Thesis},
  author = {Stefan Krüger},
  title = {Product-Line Verification with Abstract Contracts},
  year = {2014},
  month = {12},
  address = {Germany},
  school = {University of Magdeburg},
  tags = {SupervisorTT},
  url = {https://wwwiti.cs.uni-magdeburg.de/iti_db/publikationen/ps/auto/K14.pdf},
  note = {}
}

@mastersthesis{ProkschKrueger14,
  type = {Project Thesis},
  author = {Florian Proksch and Stefan Krüger},
  title = {Tool Support for Contracts in FeatureIDE},
  year = {2014},
  month = {4},
  address = {Germany},
  school = {University of Magdeburg},
  tags = {SupervisorTT},
  url = {https://wwwiti.cs.uni-magdeburg.de/iti_db/publikationen/ps/auto/PK14.pdf},
  note = {}
}

@mastersthesis{Praast14,
  type = {Master's Thesis},
  author = {Matthias Praast},
  title = {Effiziente Kodierung von Variabilität in Spezifikationen},
  year = {2014},
  month = {3},
  address = {Germany},
  school = {University of Magdeburg},
  tags = {SupervisorTT},
  url = {https://wwwiti.cs.uni-magdeburg.de/iti_db/publikationen/ps/auto/thesisPraast14.pdf},
  note = {In German}
}

@mastersthesis{Benduhn14,
  type = {Master's Thesis},
  author = {Fabian Benduhn},
  title = {Representing Variability in Product Lines: A Survey of Modeling and Specification Techniques},
  year = {2014},
  month = {4},
  address = {Germany},
  school = {University of Magdeburg},
  tags = {SupervisorTT},
  url = {https://wwwiti.cs.uni-magdeburg.de/iti_db/publikationen/ps/auto/thesisBenduhn14.pdf},
  note = {}
}

@mastersthesis{Broneske13,
  type = {Master's Thesis},
  author = {David Broneske},
  title = {On the Impact of Hardware on Relational Join Processing},
  year = {2013},
  month = {8},
  address = {Germany},
  school = {University of Magdeburg},
  tags = {SupervisorTT},
  url = {https://wwwiti.cs.uni-magdeburg.de/iti_db/publikationen/ps/auto/thesisBroneske13.pdf},
  note = {}
}

@mastersthesis{Luo13,
  type = {Master's Thesis},
  author = {Lei Luo},
  title = {Synchronisierung von Software-Varianten mit VariantSync},
  year = {2013},
  month = {1},
  address = {Germany},
  school = {University of Magdeburg},
  tags = {VariantSyncMT, SupervisorTT},
  url = {https://wwwiti.cs.uni-magdeburg.de/iti_db/publikationen/ps/auto/thesisLuo.pdf},
  note = {In German}
}

@mastersthesis{Meinicke13,
  type = {Bachelor's Thesis},
  author = {Jens Meinicke},
  title = {JML-Based Verification for Feature-Oriented Programming},
  year = {2013},
  month = {5},
  address = {Germany},
  school = {University of Magdeburg},
  tags = {SupervisorTT},
  url = {https://wwwiti.cs.uni-magdeburg.de/iti_db/publikationen/ps/auto/thesisMeinicke13.pdf},
  note = {}
}

@mastersthesis{Weigelt13,
  type = {Bachelor's Thesis},
  author = {Andre Weigelt},
  title = {Methoden-basierte Komposition von Kontrakten in Feature-orientierter Programmierung},
  year = {2013},
  month = {8},
  address = {Germany},
  school = {University of Magdeburg},
  tags = {SupervisorTT},
  url = {https://wwwiti.cs.uni-magdeburg.de/iti_db/publikationen/ps/auto/thesisWeigelt13.pdf},
  note = {In German}
}

@mastersthesis{Benduhn12,
  type = {Bachelor's Thesis},
  author = {Fabian Benduhn},
  title = {Contract-Aware Feature Composition},
  year = {2012},
  month = {10},
  address = {Germany},
  school = {University of Magdeburg},
  tags = {SupervisorTT},
  url = {https://wwwiti.cs.uni-magdeburg.de/iti_db/publikationen/ps/auto/thesisBenduhn12.pdf},
  note = {}
}

@mastersthesis{Lueddecke12,
  type = {Master's Thesis},
  author = {David Lüddecke},
  title = {Extraktion von Feature-Modellen aus Implementierungsartefakten},
  year = {2012},
  month = {10},
  address = {Germany},
  school = {University of Magdeburg},
  tags = {SupervisorTT},
  url = {https://wwwiti.cs.uni-magdeburg.de/iti_db/publikationen/ps/12/thesisLueddecke.pdf},
  note = {In German}
}

@mastersthesis{SchroeterI12,
  type = {Master's Thesis (Diplomarbeit)},
  author = {Ivonne Schröter},
  title = {Modulare Integration von konfigurierbaren Transaktionsmechanismen in Cloud-basierte Datenspeichersysteme},
  year = {2012},
  month = {9},
  address = {Germany},
  school = {University of Magdeburg},
  tags = {SupervisorTT},
  url = {https://wwwiti.cs.uni-magdeburg.de/iti_db/publikationen/ps/auto/thesisSchroeterIvonne12.pdf},
  note = {In German}
}

@mastersthesis{Holthusen12,
  type = {Master's Thesis},
  author = {Sönke Holthusen},
  title = {Typsicherheit in Feature-orientierten Software-Produktlinien in FeatureIDE},
  year = {2012},
  month = {7},
  address = {Germany},
  school = {University of Magdeburg},
  tags = {SupervisorTT},
  url = {https://wwwiti.cs.uni-magdeburg.de/iti_db/publikationen/ps/auto/thesisHolthusen.pdf},
  note = {In German}
}

@mastersthesis{SchroeterR12,
  type = {Master's Thesis},
  author = {Reimar Schröter},
  title = {Automatisierte Analysen der Modellierung von Multiproduktlinien in VELVET},
  year = {2012},
  month = {4},
  address = {Germany},
  school = {University of Magdeburg},
  tags = {SupervisorTT},
  url = {https://wwwiti.cs.uni-magdeburg.de/iti_db/publikationen/ps/auto/thesisSchroeter12.pdf},
  note = {In German}
}

@mastersthesis{Haase12,
  type = {Master's Thesis (Diplomarbeit)},
  author = {Steffen Haase},
  title = {A Program Slicing Approach to Feature Identification in Legacy C Code},
  year = {2012},
  month = {2},
  address = {Germany},
  school = {University of Magdeburg},
  tags = {SupervisorTT},
  url = {https://wwwiti.cs.uni-magdeburg.de/iti_db/publikationen/ps/auto/thesisHaase.pdf},
  note = {}
}

@mastersthesis{Adler11,
  type = {Master's Thesis},
  author = {Constanze Adler},
  title = {Optional Composition - A Solution to the Optional Feature Problem?},
  year = {2011},
  month = {2},
  address = {Germany},
  school = {University of Magdeburg},
  tags = {SupervisorTT},
  url = {https://wwwiti.cs.uni-magdeburg.de/iti_db/publikationen/ps/auto/thesisAdler10.pdf},
  note = {}
}

@mastersthesis{Mewes11,
  type = {Bachelor's Thesis},
  author = {Christoph Mewes},
  title = {Migration von Subversion nach Mercurial und Einsatz dezentraler Versionskontrolle in Unternehmen},
  year = {2011},
  month = {8},
  address = {Germany},
  school = {University of Magdeburg},
  tags = {SupervisorTT},
  url = {https://wwwiti.cs.uni-magdeburg.de/iti_db/publikationen/ps/auto/thesisMewes.pdf},
  note = {In German}
}

@mastersthesis{Thuem10,
  type = {Master's Thesis},
  author = {Thomas Thüm},
  title = {A Machine-Checked Proof for a Product-Line-Aware Type System},
  year = {2010},
  month = {1},
  address = {Germany},
  school = {University of Magdeburg},
  url = {https://github.com/SoftVarE-Group/Papers/raw/master/2010/2010-Master-Thuem.pdf},
  note = {}
}

@mastersthesis{Thuem08,
  type = {Bachelor's Thesis},
  author = {Thomas Thüm},
  title = {Reasoning About Feature Model Edits},
  year = {2008},
  month = {6},
  address = {Germany},
  school = {University of Magdeburg},
  url = {https://github.com/SoftVarE-Group/Papers/raw/master/2008/2008-Bachelor-Thuem.pdf},
  note = {}
}