

@inproceedings{SBTK:ICSME22,
  author = {Alexander Schultheiß and Paul Maximilian Bittner and Thomas Thüm and Timo Kehrer},
  title = {Quantifying the Potential to Automate the Synchronization of Variants in Clone-and-Own},
  year = {2022},
  booktitle = {Proc. Int'l Conf. on Software Maintenance and Evolution (ICSME) (To Appear)},
  address = {Piscataway, NJ, USA},
  publisher = {IEEE},
  location = {Limassol, Cyprus},
  tags = {SoftVarE},
  url = {https://github.com/SoftVarE-Group/Papers/raw/master/2022/2022-ICSME-Schultheiss.pdf},
  note = {To appear}
}

@inproceedings{RPTS:FORTE22,
  author = {Tobias Runge and Alex Potanin and Thomas Thüm and Ina Schaefer},
  title = {Traits: Correctness-by-Construction for Free},
  year = {2022},
  booktitle = {Proc. Int'l Conf. on Formal Techniques for Distributed Objects, Components, and Systems (FORTE) (To Appear)},
  address = {Berlin, Heidelberg, Germany},
  publisher = {Springer},
  location = {Lucca, Italy},
  tags = {SoftVarE},
  url = {https://github.com/SoftVarE-Group/Papers/raw/master/2022/2022-FORTE-Runge.pdf},
  note = {To appear}
}

@techreport{RPTS:TR22subsumedbyRPTS:FORTE22,
  author = {Tobias Runge and Alex Potanin and Thomas Thüm and Ina Schaefer},
  title = {Traits for Correct-by-Construction Programming},
  year = {2022},
  booktitle = {Technical Report arXiv:2204.05644},
  doi = {https://arxiv.org/abs/2204.05644},
  tags = {SoftVarE},
  url = {https://arxiv.org/pdf/2204.05644},
  note = {}
}

@inproceedings{BST+:SE22,
  author = {Paul Maximilian Bittner and Alexander Schultheiß and Thomas Thüm and Timo Kehrer and Jeffrey M. Young and Lukas Linsbauer},
  title = {Feature Trace Recording - Summary},
  year = {2022},
  month = {2},
  booktitle = {Proc. Software Engineering (SE)},
  address = {Bonn, Germany},
  publisher = {Gesellschaft für Informatik},
  location = {Berlin, Germany},
  pages = {19-20},
  doi = {10.18420/se2022-ws-002},
  tags = {VariantSyncPub, SoftVarE},
  url = {https://doi.org/10.18420/se2022-ws-002},
  note = {}
}

@inproceedings{SBT+:SE22,
  author = {Alexander Schultheiß and Paul Maximilian Bittner and Thomas Thüm and Timo Kehrer},
  title = {Scalable N-Way Model Matching Using Multi-Dimensional Search Trees - Summary},
  year = {2022},
  month = {2},
  booktitle = {Proc. Software Engineering (SE)},
  address = {Bonn, Germany},
  publisher = {Gesellschaft für Informatik},
  location = {Berlin, Germany},
  pages = {83-84},
  doi = {10.18420/se2022-ws-028},
  tags = {VariantSyncPub, SoftVarE},
  url = {https://doi.org/10.18420/se2022-ws-028},
  note = {}
}

@article{NST+:SoSyM22,
  author = {Michael Nieke and Gabriela Sampaio and Thomas Thüm and Christoph Seidl and Leopoldo Teixeira and Ina Schaefer},
  title = {Guiding the Evolution of Product-Line Configurations},
  year = {2022},
  month = {2},
  journal = {Software and System Modeling (SoSyM)},
  pages = {225-247},
  doi = {https://link.springer.com/article/10.1007/s10270-021-00906-w},
  tags = {SoftVarE},
  url = {https://link.springer.com/content/pdf/10.1007/s10270-021-00906-w.pdf},
  note = {}
}

@inproceedings{KTS:FormaliSE21,
  author = {Alexander Knüppel and Thomas Thüm and Ina Schaefer},
  title = {GUIDO: Automated Guidance for the Configuration of Deductive Program Verifiers},
  year = {2021},
  month = {5},
  booktitle = {Proc. Int'l Conf. on Formal Methods in Software Engineering (FormaliSE)},
  address = {Piscataway, NJ, USA},
  publisher = {IEEE},
  pages = {124-129},
  doi = {10.1109/FormaliSE52586.2021.00018},
  tags = {SoftVarE},
  url = {https://github.com/SoftVarE-Group/Papers/raw/master/2021/2021-FormaliSE-Knueppel.pdf},
  note = {}
}

@inproceedings{SBG+:MODELS21,
  author = {Alexander Schultheiß and Paul Maximilian Bittner and Lars Grunske and Thomas Thüm and Timo Kehrer},
  title = {Scalable N-Way Model Matching Using Multi-Dimensional Search Trees},
  year = {2021},
  month = {10},
  booktitle = {Proc. Int'l Conf. on Model Driven Engineering Languages and Systems (MODELS)},
  address = {Washington, DC, USA},
  publisher = {IEEE},
  location = {Virtual Event, Fukuoka, Japan},
  pages = {1-12},
  doi = {10.1109/MODELS50736.2021.00010},
  tags = {VariantSyncPub, SoftVarE},
  url = {https://github.com/SoftVarE-Group/Papers/raw/master/2021/2021-MODELS-Schultheiss.pdf},
  note = {}
}

@proceedings{TCA:SPLC21,
  editor = {Thomas Thüm and Philippe Collet and Mathieu Acher},
  title = {Fourth International Workshop on Languages for Modelling Variability (MODEVAR@SPLC 2021)},
  year = {2021},
  month = {9},
  booktitle = {Proc. Int'l Systems and Software Product Line Conf. (SPLC)},
  address = {New York, NY, USA},
  publisher = {ACM},
  location = {Leicester, United Kingdom},
  pages = {205-205},
  doi = {10.1145/3461001.3473056},
  isbn = {9781450384698},
  tags = {SoftVarE, EditorialThomasThuem},
  url = {https://github.com/SoftVarE-Group/Papers/raw/master/2021/2021-SPLC-Thuem.pdf},
  note = {}
}

@inproceedings{HST:SPLC21,
  author = {Tobias Heß and Chico Sundermann and Thomas Thüm},
  title = {On the Scalability of Building Binary Decision Diagrams for Current Feature Models},
  year = {2021},
  month = {9},
  booktitle = {Proc. Int'l Systems and Software Product Line Conf. (SPLC)},
  address = {New York, NY, USA},
  publisher = {ACM},
  location = {Leicester, United Kingdom},
  pages = {131-135},
  doi = {10.1145/3461001.3474452},
  isbn = {9781450384698},
  tags = {OBDDimal, SoftVarE},
  url = {https://github.com/SoftVarE-Group/Papers/raw/master/2021/2021-SPLC-Hess.pdf},
  note = {}
}

@inproceedings{SHE+:MODEVAR21,
  author = {Chico Sundermann and Tobias Heß and Dominik Engelhardt and Rahel Arens and Johannes Herschel and Kevin Jedelhauser and Benedikt Jutz and Sebastian Krieter and Ina Schaefer},
  title = {Integration of UVL in FeatureIDE},
  year = {2021},
  month = {9},
  booktitle = {Proc. Int'l Workshop on Languages for Modelling Variability (MODEVAR)},
  address = {New York, NY, USA},
  publisher = {ACM},
  location = {Leicester, United Kindom},
  pages = {73-79},
  doi = {10.1145/3461002.3473940},
  isbn = {9781450384704},
  tags = {UVL, SoftVarE},
  url = {https://github.com/SoftVarE-Group/Papers/raw/master/2021/2021-MODEVAR-Sundermann.pdf},
  note = {}
}

@inproceedings{KAN+:SPLC21,
  author = {Sebastian Krieter and Rahel Arens and Michael Nieke and Chico Sundermann and Tobias Heß and Thomas Thüm and Christoph Seidl},
  title = {Incremental Construction of Modal Implication Graphs for Evolving Feature Models},
  year = {2021},
  month = {9},
  booktitle = {Proc. Int'l Systems and Software Product Line Conf. (SPLC)},
  address = {New York, NY, USA},
  publisher = {ACM},
  location = {Leicester, United Kingdom},
  pages = {64-74},
  doi = {10.1145/3461001.3471148},
  isbn = {9781450384698},
  tags = {SoftVarE},
  url = {https://github.com/SoftVarE-Group/Papers/raw/master/2021/2021-SPLC-Krieter.pdf},
  note = {}
}

@inproceedings{SFE+:SPLC21,
  author = {Chico Sundermann and Kevin Feichtinger and Dominik Engelhardt and Rick Rabiser and Thomas Thüm},
  title = {Yet Another Textual Variability Language? A Community Effort Towards a Unified Language},
  year = {2021},
  month = {9},
  booktitle = {Proc. Int'l Systems and Software Product Line Conf. (SPLC)},
  address = {New York, NY, USA},
  publisher = {ACM},
  location = {Leicester, United Kingdom},
  pages = {136-147},
  doi = {10.1145/3461001.3471145},
  isbn = {9781450384698},
  tags = {UVL, SoftVarE},
  url = {https://github.com/SoftVarE-Group/Papers/raw/master/2021/2021-SPLC-Sundermann.pdf},
  note = {}
}

@inproceedings{PKT+:SPLC21,
  author = {Tobias Pett and Sebastian Krieter and Thomas Thüm and Malte Lochau and Ina Schaefer},
  title = {AutoSMP: An Evaluation Platform for Sampling Algorithms},
  year = {2021},
  month = {9},
  booktitle = {Proc. Int'l Systems and Software Product Line Conf. (SPLC)},
  address = {New York, NY, USA},
  publisher = {ACM},
  location = {Leicester, United Kingdom},
  pages = {41-44},
  doi = {10.1145/3461002.3473073},
  isbn = {9781450384704},
  tags = {SoftVarE},
  url = {https://github.com/SoftVarE-Group/Papers/raw/master/2021/2021-SPLC-Pett.pdf},
  note = {}
}

@inproceedings{BST+:ESECFSE21,
  author = {Paul Maximilian Bittner and Alexander Schultheiß and Thomas Thüm and Timo Kehrer and Jeffrey M. Young and Lukas Linsbauer},
  title = {Feature Trace Recording},
  year = {2021},
  month = {8},
  booktitle = {Proc. Europ. Software Engineering Conf./Foundations of Software Engineering (ESEC/FSE)},
  address = {New York, NY, USA},
  publisher = {ACM},
  location = {Athens, Greece},
  pages = {1007-1020},
  doi = {10.1145/3468264.3468531},
  isbn = {9781450385626},
  tags = {VariantSyncPub, SoftVarE},
  url = {https://doi.org/10.1145/3468264.3468531},
  note = {}
}

@inproceedings{KTSB:ICSE21,
  author = {Timo Kehrer and Thomas Thüm and Alexander Schultheiß and Paul Maximilian Bittner},
  title = {Bridging the Gap Between Clone-and-Own and Software Product Lines},
  year = {2021},
  month = {5},
  booktitle = {Proc. Int'l Conf. on Software Engineering (ICSE)},
  address = {Piscataway, NJ, USA},
  publisher = {IEEE},
  pages = {21-25},
  doi = {10.1109/ICSE-NIER52604.2021.00013},
  isbn = {978-1-6654-0140-1},
  tags = {VariantSyncPub, SoftVarE},
  url = {https://github.com/SoftVarE-Group/Papers/raw/master/2021/2021-ICSE-Kehrer.pdf},
  note = {}
}

@article{DGT:EMSE21,
  editor = {Laurence Duchien and Paul Grünbacher and Thomas Thüm},
  title = {Foreword to the Special Issue on Configurable Systems},
  year = {2021},
  month = {5},
  journal = {Empirical Software Engineering (EMSE)},
  pages = {72},
  doi = {10.1007/s10664-021-09964-6},
  tags = {SoftVarE, EditorialThomasThuem},
  url = {https://github.com/SoftVarE-Group/Papers/raw/master/2021/2021-EMSE-Duchien.pdf},
  note = {}
}

@article{KKK+:EMSE21,
  author = {Elias Kuiter and Sebastian Krieter and Jacob Krüger and Gunter Saake and Thomas Leich},
  title = {variED: An Editor for Collaborative, Real-Time Feature Modeling},
  year = {2021},
  publisher = {Springer},
  journal = {Empirical Software Engineering (EMSE)},
  pages = {24},
  doi = {10.1007/s10664-020-09892-x},
  tags = {SoftVarE},
  url = {https://github.com/SoftVarE-Group/Papers/raw/master/2021/2021-EMSE-Kuiter.pdf},
  note = {}
}

@inproceedings{RSC+:SE21,
  author = {Tobias Runge and Ina Schaefer and Loek Cleophas and Thomas Thüm and Derrick Kourie and Bruce W. Watson},
  title = {Tool Support for Correctness-by-Construction (Extended Abstract)},
  year = {2021},
  month = {2},
  booktitle = {Proc. Software Engineering (SE)},
  address = {Bonn, Germany},
  publisher = {Gesellschaft für Informatik},
  location = {Brunswick, Germany},
  pages = {93-94},
  doi = {10.18420/SE2021_34},
  tags = {SoftVarE},
  url = {https://github.com/SoftVarE-Group/Papers/raw/master/2021/2021-SE-Runge.pdf},
  note = {}
}

@inproceedings{KJN+:SE21,
  author = {Alexander Knüppel and Inga Jatzkowski and Marcus Nolte and Thomas Thüm and Tobias Runge and Ina Schaefer},
  title = {Skill-Based Verification of Cyber-Physical Systems (Extended Abstract)},
  year = {2021},
  month = {2},
  booktitle = {Proc. Software Engineering (SE)},
  address = {Bonn, Germany},
  publisher = {Gesellschaft für Informatik},
  location = {Brunswick, Germany},
  pages = {67-68},
  doi = {10.18420/SE2021_22},
  tags = {SoftVarE},
  url = {https://github.com/SoftVarE-Group/Papers/raw/master/2021/2021-SE-Knueppel.pdf},
  note = {}
}

@inproceedings{PKR+:VaMoS21,
  author = {Tobias Pett and Sebastian Krieter and Tobias Runge and Thomas Thüm and Malte Lochau and Ina Schaefer},
  title = {Stability of Product-Line Sampling in Continuous Integration},
  year = {2021},
  month = {2},
  booktitle = {Proc. Int'l Working Conf. on Variability Modelling of Software-Intensive Systems (VaMoS)},
  address = {New York, NY, USA},
  publisher = {ACM},
  location = {Krems, Austria},
  doi = {10.1145/3442391.3442410},
  isbn = {9781450388245},
  tags = {SoftVarE},
  url = {https://github.com/SoftVarE-Group/Papers/raw/master/2021/2021-VaMoS-Pett.pdf},
  note = {}
}

@inproceedings{HPTS:VaMoS21,
  author = {Marc Hentze and Tobias Pett and Thomas Thüm and Ina Schaefer},
  title = {Hyper Explanations for Feature-Model Defect Analysis},
  year = {2021},
  month = {2},
  booktitle = {Proc. Int'l Working Conf. on Variability Modelling of Software-Intensive Systems (VaMoS)},
  address = {New York, NY, USA},
  publisher = {ACM},
  location = {Krems, Austria},
  doi = {10.1145/3442391.3442406},
  isbn = {9781450388245},
  tags = {SoftVarE},
  url = {https://github.com/SoftVarE-Group/Papers/raw/master/2021/2021-VaMoS-Hentze.pdf},
  note = {}
}

@inproceedings{SNB+:VaMoS21,
  author = {Chico Sundermann and Michael Nieke and Paul Maximilian Bittner and Tobias Heß and Thomas Thüm and Ina Schaefer},
  title = {Applications of #SAT Solvers on Feature Models},
  year = {2021},
  month = {2},
  booktitle = {Proc. Int'l Working Conf. on Variability Modelling of Software-Intensive Systems (VaMoS)},
  address = {New York, NY, USA},
  publisher = {ACM},
  location = {Krems, Austria},
  doi = {10.1145/3442391.3442404},
  isbn = {9781450388245},
  tags = {VariantSyncPub, FMCounting, SoftVarE},
  url = {https://github.com/SoftVarE-Group/Papers/raw/master/2021/2021-VaMoS-Sundermann.pdf},
  note = {}
}

@inproceedings{AGK+:SPLC20,
  author = {Sofia Ananieva and Sandra Greiner and Thomas Kühn and Jacob Krüger and Lukas Linsbauer and Sten Grüner and Timo Kehrer and Heiko Klare and Anne Koziolek and Henrik Lönn and Sebastian Krieter and Christoph Seidl and S. Ramesh and Ralf Reussner and Bernhard Westfechtel},
  title = {A Conceptual Model for Unifying Variability in Space and Time},
  year = {2020},
  month = {10},
  booktitle = {Proc. Int'l Systems and Software Product Line Conf. (SPLC)},
  address = {New York, NY, USA},
  publisher = {ACM},
  location = {Montreal, QC, Canada},
  pages = {1-12},
  doi = {10.1145/3382025.3414955},
  isbn = {9781450375696},
  tags = {SoftVarE},
  url = {https://github.com/SoftVarE-Group/Papers/raw/master/2020/2020-SPLC-Ananieva.pdf},
  note = {}
}

@inbook{KKT+20,
  author = {Alexander Knüppel and Stefan Krüger and Thomas Thüm and Richard Bubel and Sebastian Krieter and Eric Bodden and Ina Schaefer},
  title = {Using Abstract Contracts for Verifying Evolving Features and Their Interactions},
  year = {2020},
  booktitle = {Deductive Software Verification: Future Perspectives - Reflections on the Occasion of 20 Years of KeY},
  address = {Cham, Switzerland},
  publisher = {Springer},
  pages = {122-148},
  doi = {10.1007/978-3-030-64354-6_5},
  isbn = {978-3-030-64354-6},
  tags = {SoftVarE},
  url = {https://github.com/SoftVarE-Group/Papers/raw/master/2020/2020-Knueppel.pdf},
  note = {}
}

@inproceedings{MKK+:VRST20,
  author = {Moritz Mühlhausen and Moritz Kappel and Marc Kassubeck and Paul Maximilian Bittner and Susana Castillo and Marcus Magnor},
  title = {Temporal Consistent Motion Parallax for Omnidirectional Stereo Panorama Video},
  year = {2020},
  month = {11},
  booktitle = {Proc. ACM Symposium on Virtual Reality Software and Technology (VRST)},
  address = {New York, NY, USA},
  publisher = {ACM},
  doi = {10.1145/3385956.3418965},
  tags = {SoftVarE},
  url = {https://graphics.tu-bs.de/publications/muhlhausen2020temporal},
  note = {}
}

@inproceedings{BMK+:VR20,
  author = {Tobias Bertel and Moritz Mühlhausen and Moritz Kappel and Paul Maximilian Bittner and Christian Richardt and Marcus Magnor},
  title = {Depth Augmented Omnidirectional Stereo for 6-DoF VR Photography},
  year = {2020},
  month = {5},
  booktitle = {Proc. IEEE Virtual Reality Workshop (VR)},
  address = {Piscataway, NJ, USA},
  publisher = {IEEE},
  pages = {660-661},
  doi = {10.1109/VRW50115.2020.00181},
  isbn = {978-1-7281-6532-5},
  tags = {SoftVarE},
  url = {https://graphics.tu-bs.de/publications/bertel2020depth},
  note = {}
}

@inproceedings{NST+:VariVolution20subsumedbyNST+:SoSyM22,
  author = {Michael Nieke and Gabriela Sampaio and Thomas Thüm and Christoph Seidl and Leopoldo Teixeira and Ina Schaefer},
  title = {GuyDance: Guiding Configuration Updates for Product-Line Evolution},
  year = {2020},
  month = {10},
  booktitle = {Proc. Int'l Workshop on Variability and Evolution of Software-Intensive Systems (VariVolution)},
  address = {New York, NY, USA},
  publisher = {ACM},
  location = {Montreal, QC, Canada},
  pages = {56-64},
  doi = {10.1145/3382026.3425769},
  isbn = {9781450375702},
  tags = {SoftVarE},
  url = {https://github.com/SoftVarE-Group/Papers/raw/master/2020/2020-VariVolution-Nieke.pdf},
  note = {}
}

@inproceedings{YWT:SPLC20,
  author = {Jeffrey M. Young and Eric Walkingshaw and Thomas Thüm},
  title = {Variational Satisfiability Solving},
  year = {2020},
  month = {10},
  booktitle = {Proc. Int'l Systems and Software Product Line Conf. (SPLC)},
  address = {New York, NY, USA},
  publisher = {ACM},
  location = {Montreal, QC, Canada},
  doi = {10.1145/3382025.3414965},
  isbn = {9781450375696},
  tags = {VariantSyncPub, SoftVarE},
  url = {https://github.com/SoftVarE-Group/Papers/raw/master/2020/2020-SPLC-Young.pdf},
  note = {}
}

@inproceedings{SBKT:SPLC20,
  author = {Alexander Schultheiß and Paul Maximilian Bittner and Timo Kehrer and Thomas Thüm},
  title = {On the Use of Product-Line Variants as Experimental Subjects for Clone-and-Own Research: A Case Study},
  year = {2020},
  month = {10},
  booktitle = {Proc. Int'l Systems and Software Product Line Conf. (SPLC)},
  address = {New York, NY, USA},
  publisher = {ACM},
  location = {Montreal, QC, Canada},
  doi = {10.1145/3382025.3414972},
  isbn = {9781450375696},
  tags = {VariantSyncPub, SoftVarE},
  url = {https://github.com/SoftVarE-Group/Papers/raw/master/2020/2020-SPLC-Schultheiss.pdf},
  note = {}
}

@inproceedings{T:SPLC20,
  author = {Thomas Thüm},
  title = {A BDD for Linux? The Knowledge Compilation Challenge for Variability},
  year = {2020},
  month = {10},
  booktitle = {Proc. Int'l Systems and Software Product Line Conf. (SPLC)},
  address = {New York, NY, USA},
  publisher = {ACM},
  location = {Montreal, QC, Canada},
  doi = {10.1145/3382025.3414943},
  isbn = {9781450375696},
  tags = {SoftVarE},
  url = {https://github.com/SoftVarE-Group/Papers/raw/master/2020/2020-SPLC-Thuem.pdf},
  note = {}
}

@inproceedings{RKTS:FormaliSE20,
  author = {Tobias Runge and Alexander Knüppel and Thomas Thüm and Ina Schaefer},
  title = {Lattice-Based Information Flow Control-by-Construction for Security-by-Design},
  year = {2020},
  month = {10},
  booktitle = {Proc. Int'l Conf. on Formal Methods in Software Engineering (FormaliSE)},
  address = {New York, NY, USA},
  publisher = {ACM},
  location = {Seoul, Republic of Korea},
  pages = {44-54},
  doi = {10.1145/3372020.3391565},
  isbn = {9781450370714},
  tags = {SoftVarE},
  url = {https://github.com/SoftVarE-Group/Papers/raw/master/2020/2020-FormaliSE-Runge.pdf},
  note = {}
}

@inproceedings{RTC+:REFINE20,
  author = {Tobias Runge and Thomas Thüm and Loek Cleophas and Ina Schaefer and Bruce W. Watson},
  title = {Comparing Correctness-by-Construction with Post-Hoc Verification - A Qualitative User Study},
  year = {2020},
  booktitle = {Proc. Int'l Workshop on Refinement (REFINE)},
  address = {Cham, Switzerland},
  publisher = {Springer},
  pages = {388-405},
  doi = {10.1007/978-3-030-54997-8_25},
  tags = {SoftVarE},
  url = {https://github.com/SoftVarE-Group/Papers/raw/master/2020/2020-REFINE-Runge.pdf},
  note = {}
}

@inproceedings{KJN+:FASE20,
  author = {Alexander Knüppel and Inga Jatzkowski and Marcus Nolte and Thomas Thüm and Tobias Runge and Ina Schaefer},
  title = {Skill-Based Verification of Cyber-Physical Systems},
  year = {2020},
  month = {4},
  booktitle = {Proc. Int'l Conf. on Fundamental Approaches to Software Engineering (FASE)},
  address = {Berlin, Heidelberg, Germany},
  publisher = {Springer},
  location = {Dublin, Ireland},
  pages = {203-223},
  doi = {10.1007/978-3-030-45234-6_10},
  tags = {SoftVarE},
  url = {https://github.com/SoftVarE-Group/Papers/raw/master/2020/2020-FASE-Knueppel.pdf},
  note = {}
}

@inproceedings{KTS+:VaMoS20,
  author = {Sebastian Krieter and Thomas Thüm and Sandro Schulze and Gunter Saake and Thomas Leich},
  title = {YASA: Yet Another Sampling Algorithm},
  year = {2020},
  month = {2},
  booktitle = {Proc. Int'l Working Conf. on Variability Modelling of Software-Intensive Systems (VaMoS)},
  address = {New York, NY, USA},
  publisher = {ACM},
  location = {Magdeburg, Germany},
  doi = {10.1145/3377024.3377042},
  isbn = {9781450375016},
  tags = {SoftVarE},
  url = {https://github.com/SoftVarE-Group/Papers/raw/master/2020/2020-VaMoS-Krieter.pdf},
  note = {}
}

@inproceedings{BRK+:VaMoS20,
  author = {Tabea Bordis and Tobias Runge and Alexander Knüppel and Thomas Thüm and Ina Schaefer},
  title = {Variational Correctness-by-Construction},
  year = {2020},
  month = {2},
  booktitle = {Proc. Int'l Working Conf. on Variability Modelling of Software-Intensive Systems (VaMoS)},
  address = {New York, NY, USA},
  publisher = {ACM},
  location = {Magdeburg, Germany},
  doi = {10.1145/3377024.3377038},
  isbn = {9781450375016},
  tags = {SoftVarE},
  url = {https://github.com/SoftVarE-Group/Papers/raw/master/2020/2020-VaMoS-Bordis.pdf},
  note = {}
}

@inproceedings{SSK+:VaMoS20,
  author = {Joshua Sprey and Chico Sundermann and Sebastian Krieter and Michael Nieke and Jacopo Mauro and Thomas Thüm and Ina Schaefer},
  title = {SMT-Based Variability Analyses in FeatureIDE},
  year = {2020},
  month = {2},
  booktitle = {Proc. Int'l Working Conf. on Variability Modelling of Software-Intensive Systems (VaMoS)},
  address = {New York, NY, USA},
  publisher = {ACM},
  location = {Magdeburg, Germany},
  doi = {10.1145/3377024.3377036},
  isbn = {9781450375016},
  tags = {SoftVarE},
  url = {https://github.com/SoftVarE-Group/Papers/raw/master/2020/2020-VaMoS-Sprey.pdf},
  note = {}
}

@inproceedings{STS:VaMoS20,
  author = {Chico Sundermann and Thomas Thüm and Ina Schaefer},
  title = {Evaluating #SAT Solvers on Industrial Feature Models},
  year = {2020},
  month = {2},
  booktitle = {Proc. Int'l Working Conf. on Variability Modelling of Software-Intensive Systems (VaMoS)},
  address = {New York, NY, USA},
  publisher = {ACM},
  location = {Magdeburg, Germany},
  doi = {10.1145/3377024.3377025},
  isbn = {9781450375016},
  tags = {FMCounting, SoftVarE},
  url = {https://github.com/SoftVarE-Group/Papers/raw/master/2020/2020-VaMoS-Sundermann.pdf},
  note = {}
}

@inproceedings{TSG+:VR19,
  author = {Jan-Philipp Tauscher and Fabian Wolf Schottky and Steve Grogorick and Paul Maximilian Bittner and Maryam Mustafa and Marcus Magnor},
  title = {Immersive EEG: Evaluating Electroencephalography in Virtual Reality},
  year = {2019},
  month = {3},
  booktitle = {Proc. IEEE Virtual Reality Workshop (VR)},
  address = {Piscataway, NJ, USA},
  publisher = {IEEE},
  location = {Osaka, Japan},
  pages = {1794-1800},
  doi = {10.1109/VR.2019.8797858},
  tags = {SoftVarE},
  url = {https://graphics.tu-bs.de/publications/tauscher2019immersive},
  note = {PerGraVAR}
}

@inproceedings{GUT+:VR19,
  author = {Steve Grogorick and Matthias Überheide and Jan-Philipp Tauscher and Paul Maximilian Bittner and Marcus Magnor},
  title = {Gaze and Motion-aware Real-Time Dome Projection System},
  year = {2019},
  month = {3},
  booktitle = {Proc. IEEE Virtual Reality Workshop (VR)},
  address = {Piscataway, NJ, USA},
  publisher = {IEEE},
  location = {Osaka, Japan},
  pages = {1780-1783},
  doi = {10.1109/VR.2019.8797902},
  isbn = {978-1-7281-1377-7},
  tags = {SoftVarE},
  url = {https://graphics.tu-bs.de/publications/grogorick2019gaze},
  note = {PerGraVAR}
}

@inproceedings{BTS:SEFM19,
  author = {Paul Maximilian Bittner and Thomas Thüm and Ina Schaefer},
  title = {SAT Encodings of the At-Most-k Constraint - A Case Study on Configuring University Courses},
  year = {2019},
  month = {9},
  booktitle = {Proc. Int'l Conf. on Software Engineering and Formal Methods (SEFM)},
  address = {Berlin, Heidelberg, Germany},
  publisher = {Springer},
  location = {Oslo, Norway},
  pages = {127-144},
  doi = {10.1007/978-3-030-30446-1_7},
  tags = {SoftVarE},
  url = {https://github.com/SoftVarE-Group/Papers/raw/master/2019/2019-SEFM-Bittner.pdf},
  note = {}
}

@inproceedings{TKK+:SPLC19,
  author = {Thomas Thüm and Alexander Knüppel and Stefan Krüger and Stefanie Bolle and Ina Schaefer},
  title = {Feature-Oriented Contract Composition (Extended Abstract)},
  year = {2019},
  month = {9},
  booktitle = {Proc. Int'l Systems and Software Product Line Conf. (SPLC)},
  address = {New York, NY, USA},
  publisher = {ACM},
  location = {Paris, France},
  pages = {25},
  doi = {10.1145/3336294.3342374},
  isbn = {9781450371384},
  tags = {SoftVarE},
  url = {https://github.com/SoftVarE-Group/Papers/raw/master/2019/2019-SPLC-Thuem.pdf},
  note = {}
}

@inproceedings{PTR+:SPLC19,
  author = {Tobias Pett and Thomas Thüm and Tobias Runge and Sebastian Krieter and Malte Lochau and Ina Schaefer},
  title = {Product Sampling for Product Lines: The Scalability Challenge},
  year = {2019},
  month = {9},
  booktitle = {Proc. Int'l Systems and Software Product Line Conf. (SPLC)},
  address = {New York, NY, USA},
  publisher = {ACM},
  location = {Paris, France},
  pages = {78-83},
  doi = {10.1145/3336294.3336322},
  isbn = {9781450371384},
  tags = {SoftVarE},
  url = {https://github.com/SoftVarE-Group/Papers/raw/master/2019/2019-SPLC-Pett.pdf},
  note = {}
}

@inproceedings{TTS+:VariVolution19,
  author = {Thomas Thüm and Leopoldo Teixeira and Klaus Schmid and Eric Walkingshaw and Mukelabai Mukelabai and Mahsa Varshosaz and Goetz Botterweck and Ina Schaefer and Timo Kehrer},
  title = {Towards Efficient Analysis of Variation in Time and Space},
  year = {2019},
  month = {9},
  booktitle = {Proc. Int'l Workshop on Variability and Evolution of Software-Intensive Systems (VariVolution)},
  address = {New York, NY, USA},
  publisher = {ACM},
  location = {Paris, France},
  pages = {57-64},
  doi = {10.1145/3307630.3342414},
  isbn = {9781450366687},
  tags = {VariantSyncPub, SoftVarE},
  url = {https://github.com/SoftVarE-Group/Papers/raw/master/2019/2019-VariVolution-Thuem.pdf},
  note = {}
}

@inproceedings{TSS:MODEVAR19,
  author = {Thomas Thüm and Christoph Seidl and Ina Schaefer},
  title = {On Language Levels for Feature Modeling Notations},
  year = {2019},
  month = {9},
  booktitle = {Proc. Int'l Workshop on Languages for Modelling Variability (MODEVAR)},
  address = {New York, NY, USA},
  publisher = {ACM},
  location = {Paris, France},
  pages = {158-161},
  doi = {10.1145/3307630.3342404},
  isbn = {9781450366687},
  tags = {SoftVarE},
  url = {https://github.com/SoftVarE-Group/Papers/raw/master/2019/2019-MODEVAR-Thuem.pdf},
  note = {}
}

@proceedings{SPLC19a,
  editor = {Thorsten Berger and Philippe Collet and Laurence Duchien and Thomas Fogdal and Patrick Heymans and Timo Kehrer and Jabier Martinez and Raul Mazo and Leticia Montalvillo and Camille Salinesi and Xhevahire Ternava and Thomas Thüm and Tewfik Ziadi},
  title = {SPLC '19: Proceedings of the 23rd International Systems and Software Product Line Conference - Volume A},
  year = {2019},
  address = {New York, NY, USA},
  publisher = {ACM},
  location = {Paris, France},
  isbn = {978-1-4503-7138-4},
  tags = {SoftVarE, EditorialThomasThuem},
  url = {https://github.com/SoftVarE-Group/Papers/raw/master/2019/2019-proceedings-Berger.pdf},
  note = {}
}

@proceedings{SPLC19b,
  editor = {Carlos Cetina and Oscar Diaz and Laurence Duchien and Marianne Huchard and Rick Rabiser and Camille Salinesi and Christoph Seidl and Xhevahire Ternava and Leopoldo Teixeira and Thomas Thüm and Tewfik Ziadi},
  title = {SPLC '19: Proceedings of the 23rd International Systems and Software Product Line Conference - Volume B},
  year = {2019},
  address = {New York, NY, USA},
  publisher = {ACM},
  location = {Paris, France},
  isbn = {978-1-4503-6668-7},
  tags = {SoftVarE, EditorialThomasThuem},
  url = {https://github.com/SoftVarE-Group/Papers/raw/master/2019/2019-proceedings-Cetina.pdf},
  note = {}
}

@inbook{JMJ+19,
  author = {Reiner Jung and Lukas Märtin and Jan Ole Johanssen and Barbara Paech and Malte Lochau and Thomas Thüm and Kurt Schneider and Matthias Tichy and Mattias Ulbrich},
  title = {Addressed Challenges},
  year = {2019},
  month = {6},
  booktitle = {Managed Software Evolution},
  address = {Cham, Switzerland},
  publisher = {Springer},
  pages = {21-36},
  doi = {10.1007/978-3-030-13499-0_3},
  isbn = {978-3-030-13499-0},
  tags = {SoftVarE},
  url = {https://github.com/SoftVarE-Group/Papers/raw/master/2019/2019-SPP1593-Jung.pdf},
  note = {}
}

@inbook{THA+19,
  author = {Thomas Thüm and Andre van Hoorn and Sven Apel and Johannes Bürdek and Sinem Getir and Robert Heinrich and Reiner Jung and Matthias Kowal and Malte Lochau and Ina Schaefer and Jürgen Walter},
  title = {Performance Analysis Strategies for Software Variants and Versions},
  year = {2019},
  month = {6},
  booktitle = {Managed Software Evolution},
  address = {Cham, Switzerland},
  publisher = {Springer},
  pages = {175-206},
  doi = {10.1007/978-3-030-13499-0_8},
  isbn = {978-3-030-13499-0},
  tags = {SoftVarE},
  url = {https://github.com/SoftVarE-Group/Papers/raw/master/2019/2019-SPP1593-Thuem.pdf},
  note = {}
}

@inproceedings{RSC+:FASE19,
  author = {Tobias Runge and Ina Schaefer and Loek Cleophas and Thomas Thüm and Derrick Kourie and Bruce W. Watson},
  title = {Tool Support for Correctness-by-Construction},
  year = {2019},
  month = {4},
  booktitle = {Proc. Int'l Conf. on Fundamental Approaches to Software Engineering (FASE)},
  address = {Cham, Switzerland},
  publisher = {Springer},
  pages = {25-42},
  isbn = {978-3-030-16722-6},
  tags = {SoftVarE},
  url = {https://github.com/SoftVarE-Group/Papers/raw/master/2019/2019-FASE-Runge.pdf},
  note = {}
}

@article{TKK+:JSS19,
  author = {Thomas Thüm and Alexander Knüppel and Stefan Krüger and Stefanie Bolle and Ina Schaefer},
  title = {Feature-Oriented Contract Composition},
  year = {2019},
  month = {6},
  address = {New York, NY, USA},
  publisher = {Elsevier Science Inc.},
  journal = {J. Systems and Software (JSS)},
  pages = {83-107},
  doi = {10.1016/j.jss.2019.01.044},
  issn = {0164-1212},
  tags = {SoftVarE},
  url = {https://github.com/SoftVarE-Group/Papers/raw/master/2019/2019-JSS-Thuem.pdf},
  note = {}
}

@inproceedings{KTP+:SE19,
  author = {Alexander Knüppel and Thomas Thüm and Carsten Immanuel Pardylla and Ina Schaefer},
  title = {Understanding Parameters of Deductive Verification: An Empirical Investigation of KeY (Extended Abstract)},
  year = {2019},
  month = {2},
  booktitle = {Proc. Software Engineering (SE)},
  publisher = {Gesellschaft für Informatik},
  location = {Stuttgart, Germany},
  pages = {165-166},
  doi = {10.18420/se2019-51},
  isbn = {978-3-88579-686-2},
  tags = {SoftVarE},
  url = {https://github.com/SoftVarE-Group/Papers/raw/master/2019/2019-SE-Knueppel.pdf},
  note = {}
}

@inproceedings{KTS+:SE19,
  author = {Sebastian Krieter and Thomas Thüm and Sandro Schulze and Reimar Schröter and Gunter Saake},
  title = {Propagating Configuration Decisions with Modal Implication Graphs (Extended Abstract)},
  year = {2019},
  month = {2},
  booktitle = {Proc. Software Engineering (SE)},
  publisher = {Gesellschaft für Informatik},
  location = {Stuttgart, Germany},
  pages = {77-78},
  doi = {10.18420/se2019-20},
  isbn = {978-3-88579-686-2},
  tags = {SoftVarE},
  url = {https://github.com/SoftVarE-Group/Papers/raw/master/2019/2019-SE-Krieter.pdf},
  note = {}
}

@article{ATL+:SoSyM19,
  author = {Mustafa Al-Hajjaji and Thomas Thüm and Malte Lochau and Jens Meinicke and Gunter Saake},
  title = {Effective Product-Line Testing Using Similarity-Based Product Prioritization},
  year = {2019},
  month = {2},
  address = {Berlin, Heidelberg, Germany},
  publisher = {Springer},
  journal = {Software and System Modeling (SoSyM)},
  pages = {499-521},
  doi = {10.1007/s10270-016-0569-2},
  issn = {1619-1366},
  tags = {SoftVarE},
  url = {https://github.com/SoftVarE-Group/Papers/raw/master/2019/2019-SoSyM-Al-Hajjaji.pdf},
  note = {}
}

@article{LNTS:JSS19,
  author = {Sascha Lity and Manuel Nieke and Thomas Thüm and Ina Schaefer},
  title = {Retest Test Selection for Product-Line Regression Testing of Variants and Versions of Variants},
  year = {2019},
  month = {1},
  address = {New York, NY, USA},
  publisher = {Elsevier Science Inc.},
  journal = {J. Systems and Software (JSS)},
  pages = {46-63},
  doi = {10.1016/j.jss.2018.09.090},
  issn = {0164-1212},
  tags = {SoftVarE},
  url = {https://github.com/SoftVarE-Group/Papers/raw/master/2019/2019-JSS-Lity.pdf},
  note = {}
}

@inproceedings{PSK+:VAMOS18,
  author = {Juliana Alves Pereira and Sandro Schulze and Sebastian Krieter and Marcio Ribeiro and Gunter Saake},
  title = {A Context-Aware Recommender System for Extended Software Product Line Configurations},
  year = {2018},
  booktitle = {Proc. Int'l Workshop on Variability Modelling of Software-Intensive Systems (VaMoS)},
  address = {New York, NY, USA},
  publisher = {ACM},
  location = {Madrid, Spain},
  pages = {97-104},
  doi = {10.1145/3168365.3168373},
  isbn = {9781450353984},
  tags = {SoftVarE},
  url = {https://doi.org/10.1145/3168365.3168373},
  note = {}
}

@inproceedings{KKL:VaMoS18,
  author = {Sebastian Krieter and Jacob Krüger and Thomas Leich},
  title = {Don't Worry About It: Managing Variability On-The-Fly},
  year = {2018},
  booktitle = {Proc. Int'l Workshop on Variability Modelling of Software-Intensive Systems (VaMoS)},
  address = {New York, NY, USA},
  publisher = {ACM},
  location = {Madrid, Spain},
  pages = {19-26},
  doi = {10.1145/3168365.3170426},
  isbn = {9781450353984},
  tags = {SoftVarE},
  url = {https://doi.org/10.1145/3168365.3170426},
  note = {}
}

@inproceedings{KKK+:SPLC18,
  author = {Elias Kuiter and Jacob Krüger and Sebastian Krieter and Thomas Leich and Gunter Saake},
  title = {Getting Rid of Clone-and-Own: Moving to a Software Product Line for Temperature Monitoring},
  year = {2018},
  booktitle = {Proc. Int'l Systems and Software Product Line Conf. (SPLC)},
  address = {New York, NY, USA},
  publisher = {ACM},
  location = {Gothenburg, Sweden},
  pages = {179-â€“189},
  doi = {10.1145/3233027.3233050},
  isbn = {9781450364645},
  tags = {SoftVarE},
  url = {https://doi.org/10.1145/3233027.3233050},
  note = {}
}

@inproceedings{KTPS:FIDE18,
  author = {Alexander Knüppel and Thomas Thüm and Carsten Immanuel Pardylla and Ina Schaefer},
  title = {Experience Report on Formally Verifying Parts of OpenJDK's API with KeY},
  year = {2018},
  month = {11},
  booktitle = {Proc. Workshop on Formal Integrated Development Environment (F-IDE)},
  pages = {53-70},
  doi = {10.4204/EPTCS.284.5},
  tags = {SoftVarE},
  url = {https://github.com/SoftVarE-Group/Papers/raw/master/2018/2018-FIDE-Knueppel.pdf},
  note = {}
}

@inproceedings{KTM+:SE18,
  author = {Alexander Knüppel and Thomas Thüm and Stephan Mennicke and Jens Meinicke and Ina Schaefer},
  title = {Is There a Mismatch between Real-World Feature Models and Product-Line Research? (Extended Abstract)},
  year = {2018},
  month = {3},
  booktitle = {Proc. Software Engineering (SE)},
  publisher = {Gesellschaft für Informatik},
  location = {Ulm, Germany},
  pages = {53-54},
  isbn = {978-3-88579-673-2},
  issn = {1617-5468},
  tags = {SoftVarE},
  url = {https://dl.gi.de/20.500.12116/16312},
  note = {}
}

@inproceedings{CGR+:VaMoS18,
  author = {Luiz Carvalho and Marcio Augusto Guimaraes and Marcio Ribeiro and Leonardo Fernandes and Mustafa Al-Hajjaji and Rohit Gheyi and Thomas Thüm},
  title = {Equivalent Mutants in Configurable Systems: An Empirical Study},
  year = {2018},
  month = {2},
  booktitle = {Proc. Int'l Workshop on Variability Modelling of Software-Intensive Systems (VaMoS)},
  address = {New York, NY, USA},
  publisher = {ACM},
  location = {Madrid, Spain},
  pages = {11-18},
  doi = {10.1145/3168365.3168379},
  isbn = {978-1-4503-5398-4},
  tags = {SoftVarE},
  url = {https://github.com/SoftVarE-Group/Papers/raw/master/2018/2018-VaMoS-Carvalho.pdf},
  note = {}
}

@inproceedings{LNT+:VaMoS18,
  author = {Sascha Lity and Sophia Nahrendorf and Thomas Thüm and Christoph Seidl and Ina Schaefer},
  title = {175% Modeling for Product-Line Evolution of Domain Artifacts},
  year = {2018},
  month = {2},
  booktitle = {Proc. Int'l Workshop on Variability Modelling of Software-Intensive Systems (VaMoS)},
  address = {New York, NY, USA},
  publisher = {ACM},
  location = {Madrid, Spain},
  pages = {27-34},
  doi = {10.1145/3168365.3168369},
  isbn = {978-1-4503-5398-4},
  tags = {SoftVarE},
  url = {https://github.com/SoftVarE-Group/Papers/raw/master/2018/2018-VaMoS-Lity.pdf},
  note = {}
}

@inproceedings{KTPS:ISoLA18,
  author = {Alexander Knüppel and Thomas Thüm and Carsten Immanuel Pardylla and Ina Schaefer},
  title = {Scalability of Deductive Verification Depends on Method Call Treatment},
  year = {2018},
  month = {11},
  booktitle = {Proc. Int'l Symposium on Leveraging Applications of Formal Methods, Verification and Validation (ISoLA)},
  address = {Cham, Switzerland},
  publisher = {Springer},
  location = {Limassol, Cyprus},
  pages = {159-175},
  doi = {10.1007/978-3-030-03427-6_15},
  isbn = {978-3-030-03426-9},
  tags = {SoftVarE},
  url = {https://github.com/SoftVarE-Group/Papers/raw/master/2018/2018-ISoLA-Knueppel.pdf},
  note = {}
}

@inproceedings{RLB+:GPCE18,
  author = {Sebastian Ruland and Lars Luthmann and Johannes Bürdek and Sascha Lity and Thomas Thüm and Malte Lochau and Marcio Ribeiro},
  title = {Measuring Effectiveness of Sample-Based Product-Line Testing},
  year = {2018},
  month = {11},
  booktitle = {Proc. Int'l Conf. on Generative Programming and Component Engineering (GPCE)},
  address = {New York, NY, USA},
  publisher = {ACM},
  location = {Boston, MA, USA},
  pages = {119-133},
  doi = {10.1145/3278122.3278130},
  isbn = {978-1-4503-6045-6},
  tags = {SoftVarE},
  url = {https://github.com/SoftVarE-Group/Papers/raw/master/2018/2018-GPCE-Ruland.pdf},
  note = {}
}

@inproceedings{NMS+:GPCE18,
  author = {Michael Nieke and Jacopo Mauro and Christoph Seidl and Thomas Thüm and Ingrid Chieh Yu and Felix Franzke},
  title = {Anomaly Analyses for Feature-Model Evolution},
  year = {2018},
  month = {11},
  booktitle = {Proc. Int'l Conf. on Generative Programming and Component Engineering (GPCE)},
  address = {New York, NY, USA},
  publisher = {ACM},
  location = {Boston, MA, USA},
  pages = {188-201},
  doi = {10.1145/3278122.3278123},
  isbn = {978-1-4503-6045-6},
  tags = {SoftVarE},
  url = {https://github.com/SoftVarE-Group/Papers/raw/master/2018/2018-GPCE-Nieke.pdf},
  note = {}
}

@inproceedings{TKS:ConfWS18,
  author = {Thomas Thüm and Sebastian Krieter and Ina Schaefer},
  title = {Product Configuration in the Wild: Strategies for Conflicting Decisions in Web Configurators},
  year = {2018},
  month = {9},
  booktitle = {Proc. Configuration Workshop (ConfWS)},
  address = {Aachen, Germany},
  publisher = {RWTH Aachen University},
  location = {Graz, Austria},
  pages = {1-8},
  issn = {1613-0073},
  tags = {SoftVarE},
  url = {https://github.com/SoftVarE-Group/Papers/raw/master/2018/2018-CONFWS-Thuem.pdf},
  note = {}
}

@inproceedings{NST:VariVolution18,
  author = {Michael Nieke and Christoph Seidl and Thomas Thüm},
  title = {Back to the Future: Avoiding Paradoxes in Feature-Model Evolution},
  year = {2018},
  month = {9},
  booktitle = {Proc. Int'l Workshop on Variability and Evolution of Software-Intensive Systems (VariVolution)},
  address = {New York, NY, USA},
  publisher = {ACM},
  location = {Gothenburg, Sweden},
  pages = {48-51},
  doi = {10.1145/3236405.3237201},
  isbn = {978-1-4503-5945-0},
  tags = {SoftVarE},
  url = {https://github.com/SoftVarE-Group/Papers/raw/master/2018/2018-VariVolution-Nieke.pdf},
  note = {}
}

@inproceedings{TKL:SPLC18,
  author = {Thomas Thüm and Sebastian Krieter and Thomas Leich},
  title = {Clean Your Variable Code with FeatureIDE (Second Edition)},
  year = {2018},
  month = {9},
  booktitle = {Proc. Int'l Systems and Software Product Line Conf. (SPLC)},
  address = {New York, NY, USA},
  publisher = {ACM},
  location = {Gothenburg, Sweden},
  pages = {299-299},
  doi = {10.1145/3233027.3233053},
  isbn = {978-1-4503-6464-5},
  tags = {SoftVarE},
  url = {https://github.com/SoftVarE-Group/Papers/raw/master/2018/2018-SPLC-Thuem.pdf},
  note = {}
}

@inproceedings{KFT+:SPLC18,
  author = {Jacob Krüger and Wolfram Fenske and Thomas Thüm and Dirk Aporius and Gunter Saake and Thomas Leich},
  title = {Apo-Games: A Case Study for Reverse Engineering Variability from Cloned Java Variants},
  year = {2018},
  month = {9},
  booktitle = {Proc. Int'l Systems and Software Product Line Conf. (SPLC)},
  address = {New York, NY, USA},
  publisher = {ACM},
  location = {Gothenburg, Sweden},
  pages = {251-256},
  doi = {10.1145/3233027.3236403},
  isbn = {978-1-4503-6464-5},
  tags = {SoftVarE},
  url = {https://github.com/SoftVarE-Group/Papers/raw/master/2018/2018-SPLC-Krueger.pdf},
  note = {}
}

@inproceedings{VAT+:SPLC18,
  author = {Mahsa Varshosaz and Mustafa Al-Hajjaji and Thomas Thüm and Tobias Runge and Mohammad Reza Mousavi and Ina Schaefer},
  title = {A Classification of Product Sampling for Software Product Lines},
  year = {2018},
  month = {9},
  booktitle = {Proc. Int'l Systems and Software Product Line Conf. (SPLC)},
  address = {New York, NY, USA},
  publisher = {ACM},
  location = {Gothenburg, Sweden},
  pages = {1-13},
  doi = {10.1145/3233027.3233035},
  isbn = {978-1-4503-6464-5},
  tags = {SoftVarE},
  url = {https://github.com/SoftVarE-Group/Papers/raw/master/2018/2018-SPLC-Varshosaz.pdf},
  note = {}
}

@inproceedings{KTPS:ITP18,
  author = {Alexander Knüppel and Thomas Thüm and Carsten Immanuel Pardylla and Ina Schaefer},
  title = {Understanding Parameters of Deductive Verification: An Empirical Investigation of KeY},
  year = {2018},
  month = {7},
  booktitle = {Proc. Inte'l Conf. on Interactive Theorem Proving (ITP)},
  address = {Berlin, Heidelberg, Germany},
  publisher = {Springer},
  location = {Oxford, UK},
  pages = {342-361},
  doi = {10.1007/978-3-319-94821-8_20},
  isbn = {978-3-319-94820-1},
  tags = {SoftVarE},
  url = {https://github.com/SoftVarE-Group/Papers/raw/master/2018/2018-ITP-Knueppel.pdf},
  note = {}
}

@inproceedings{KTS+:ICSE18,
  author = {Sebastian Krieter and Thomas Thüm and Sandro Schulze and Reimar Schröter and Gunter Saake},
  title = {Propagating Configuration Decisions with Modal Implication Graphs},
  year = {2018},
  month = {5},
  booktitle = {Proc. Int'l Conf. on Software Engineering (ICSE)},
  address = {New York, NY, USA},
  publisher = {ACM},
  location = {Gothenburg, Sweden},
  pages = {898-909},
  doi = {10.1145/3180155.3180159},
  isbn = {978-1-4503-5638-1},
  tags = {SoftVarE},
  url = {https://github.com/SoftVarE-Group/Papers/raw/master/2018/2018-ICSE-Krieter.pdf},
  note = {}
}

@inproceedings{TKL:Modellierung18,
  author = {Thomas Thüm and Sebastian Krieter and Thomas Leich},
  title = {Feature Modeling and Development with FeatureIDE},
  year = {2018},
  month = {2},
  booktitle = {Proc. Modellierung},
  address = {Bonn, Germany},
  publisher = {Gesellschaft für Informatik},
  location = {Braunschweig, Germany},
  pages = {297-298},
  isbn = {978-3-88579-674-9},
  issn = {1617-5468},
  tags = {SoftVarE},
  url = {https://github.com/SoftVarE-Group/Papers/raw/master/2018/2018-Modellierung-Thuem.pdf},
  note = {}
}

@inproceedings{SKT+:SE17,
  author = {Reimar Schröter and Sebastian Krieter and Thomas Thüm and Fabian Benduhn and Gunter Saake},
  title = {Compositional Analyses of Highly-Configurable Systems with Feature-Model Interfaces},
  year = {2017},
  month = {2},
  booktitle = {Proc. Software Engineering (SE)},
  publisher = {Gesellschaft für Informatik},
  location = {Hannover, Germany},
  pages = {129-130},
  isbn = {978-3-88579-661-9},
  issn = {1617-5468},
  tags = {SoftVarE},
  url = {https://dl.gi.de/20.500.12116/1306},
  note = {}
}

@article{KATS:IFAC17,
  author = {Matthias Kowal and Sofia Ananieva and Thomas Thüm and Ina Schaefer},
  title = {Supporting the Development of Interdisciplinary Product Lines in the Manufacturing Domain},
  year = {2017},
  month = {7},
  journal = {World Congress of the International Federation of Automatic Control (IFAC)},
  pages = {4336-4341},
  doi = {10.1016/j.ifacol.2017.08.870},
  issn = {2405-8963},
  tags = {SoftVarE},
  url = {https://github.com/SoftVarE-Group/Papers/raw/master/2017/2017-IFAC-Kowal.pdf},
  note = {}
}

@inproceedings{BTSG:ICFEM17,
  author = {Fabian Benduhn and Thomas Thüm and Ina Schaefer and Gunter Saake},
  title = {Modularization of Refinement Steps for Agile Formal Methods},
  year = {2017},
  month = {11},
  booktitle = {Proc. Int'l Conf. on Formal Engineering Methods (ICFEM)},
  address = {Cham, Switzerland},
  publisher = {Springer},
  pages = {19-35},
  doi = {10.1007/978-3-319-68690-5_2},
  isbn = {978-3-319-68690-5},
  tags = {SoftVarE},
  url = {https://github.com/SoftVarE-Group/Papers/raw/master/2017/2017-ICFEM-Benduhn.pdf},
  note = {}
}

@inproceedings{KPK+:SPLC17,
  author = {Sebastian Krieter and Marcus Pinnecke and Jacob Krüger and Joshua Sprey and Christopher Sontag and Thomas Thüm and Thomas Leich and Gunter Saake},
  title = {FeatureIDE: Empowering Third-Party Developers},
  year = {2017},
  month = {9},
  booktitle = {Proc. Int'l Systems and Software Product Line Conf. (SPLC)},
  address = {New York, NY, USA},
  publisher = {ACM},
  location = {Sevilla, Spain},
  pages = {42-45},
  doi = {10.1145/3109729.3109751},
  isbn = {978-1-4503-5119-5},
  tags = {SoftVarE},
  url = {https://github.com/SoftVarE-Group/Papers/raw/master/2017/2017-SPLC-Krieter.pdf},
  note = {}
}

@inproceedings{KTS+:ESECFSE17,
  author = {Alexander Knüppel and Thomas Thüm and Stephan Mennicke and Jens Meinicke and Ina Schaefer},
  title = {Is There a Mismatch Between Real-World Feature Models and Product-Line Research?},
  year = {2017},
  month = {9},
  booktitle = {Proc. Europ. Software Engineering Conf./Foundations of Software Engineering (ESEC/FSE)},
  address = {New York, NY, USA},
  publisher = {ACM},
  location = {Paderborn, Germany},
  pages = {291-302},
  doi = {10.1145/3106237.3106252},
  isbn = {978-1-4503-5105-8},
  tags = {SoftVarE},
  url = {https://github.com/SoftVarE-Group/Papers/raw/master/2017/2017-ESECFSE-Knueppel.pdf},
  note = {}
}

@book{MTS+17,
  author = {Jens Meinicke and Thomas Thüm and Reimar Schröter and Fabian Benduhn and Thomas Leich and Gunter Saake},
  title = {Mastering Software Variability with FeatureIDE},
  year = {2017},
  address = {Berlin, Heidelberg, Germany},
  publisher = {Springer},
  doi = {10.1007/978-3-319-61443-4},
  isbn = {978-3-319-61442-7},
  tags = {SoftVarE},
  note = {}
}

@proceedings{SPLC17b,
  editor = {Maurice ter Beek and Walter Cazzola and Oscar Diaz and Marcello La Rosa and Roberto Lopez-Herrejon and Thomas Thüm and Javier Troya and Antonio Ruiz-Cortes and David Benavides},
  title = {Proceedings of the 21st International Systems and Software Product Line Conference (SPLC) - Volume B},
  year = {2017},
  address = {New York, NY, USA},
  publisher = {ACM},
  location = {Sevilla, Spain},
  doi = {10.1145/3109729},
  isbn = {978-1-4503-5119-5},
  tags = {SoftVarE, EditorialThomasThuem},
  url = {https://github.com/SoftVarE-Group/Papers/raw/master/2017/2017-proceedings-Beek.pdf},
  note = {}
}

@inproceedings{ALL+:VACE17,
  author = {Mustafa Al-Hajjaji and Sascha Lity and Remo Lachmann and Thomas Thüm and Ina Schaefer and Gunter Saake},
  title = {Delta-Oriented Product Prioritization for Similarity-Based Product-Line Testing},
  year = {2017},
  month = {5},
  booktitle = {Proc. Int'l Workshop on Variability and Complexity in Software Design (VACE)},
  address = {Piscataway, NJ, USA},
  publisher = {IEEE},
  location = {Buenos Aires, Argentina},
  pages = {34-40},
  doi = {10.1109/VACE.2017..8},
  isbn = {978-1-5386-2803-4},
  tags = {SoftVarE},
  url = {https://github.com/SoftVarE-Group/Papers/raw/master/2017/2017-VACE-Al-Hajjaji.pdf},
  note = {}
}

@inproceedings{LATS:VaMoS17,
  author = {Sascha Lity and Mustafa Al-Hajjaji and Thomas Thüm and Ina Schaefer},
  title = {Optimizing Product Orders Using Graph Algorithms for Improving Incremental Product-line Analysis},
  year = {2017},
  month = {1},
  booktitle = {Proc. Int'l Workshop on Variability Modelling of Software-Intensive Systems (VaMoS)},
  address = {New York, NY, USA},
  publisher = {ACM},
  location = {Eindhoven, Netherlands},
  pages = {60-67},
  doi = {10.1145/3023956.3023961},
  isbn = {978-1-4503-4811-9},
  tags = {SoftVarE},
  url = {https://github.com/SoftVarE-Group/Papers/raw/master/2017/2017-VaMoS-Lity.pdf},
  note = {}
}

@inproceedings{PMK+:GPCE16,
  author = {Juliana Alves Pereira and Pawel Matuszyk and Sebastian Krieter and Myra Spiliopoulou and Gunter Saake},
  title = {A Feature-Based Personalized Recommender System for Product-Line Configuration},
  year = {2016},
  booktitle = {Proc. Int'l Conf. on Generative Programming and Component Engineering (GPCE)},
  address = {New York, NY, USA},
  publisher = {ACM},
  location = {Amsterdam, Netherlands},
  doi = {10.1145/2993236.2993249},
  tags = {SoftVarE},
  url = {https://doi.org/10.1145/2993236.2993249},
  note = {}
}

@proceedings{FMSPLE16,
  editor = {Julia Rubin and Thomas Thüm},
  title = {Proceedings of the 7th International Workshop on Formal Methods and Analysis in Software Product Line Engineering (FMSPLE@ETAPS)},
  year = {2016},
  month = {4},
  address = {Waterloo, Australia},
  publisher = {Open Publishing Association},
  location = {Eindhoven, The Netherlands},
  doi = {10.4204/EPTCS.206},
  issn = {2075-2180},
  tags = {SoftVarE, EditorialThomasThuem},
  url = {https://github.com/SoftVarE-Group/Papers/raw/master/2016/2016-proceedings-Rubin.pdf},
  note = {}
}

@inproceedings{PKM+:ICSR16,
  author = {Juliana Alves Pereira and Sebastian Krieter and Jens Meinicke and Reimar Schröter and Gunter Saake and Thomas Leich},
  title = {FeatureIDE: Scalable Product Configuration of Variable Systems},
  year = {2016},
  month = {6},
  booktitle = {Proc. Int'l Conf. on Software Reuse (ICSR)},
  address = {Berlin, Heidelberg, Germany},
  publisher = {Springer},
  pages = {397-401},
  tags = {SoftVarE},
  url = {https://github.com/SoftVarE-Group/Papers/raw/master/2016/2016-ICSR-Pereira.pdf},
  note = {}
}

@inproceedings{T16,
  author = {Thomas Thüm},
  title = {Spezifikation und Verifikation von Produktlinien mit Feature-orientierten Verträgen},
  year = {2016},
  month = {10},
  booktitle = {Ausgezeichnete Informatikdissertationen 2015},
  address = {Bonn, Germany},
  publisher = {Gesellschaft für Informatik},
  pages = {299-308},
  tags = {SoftVarE},
  url = {https://github.com/SoftVarE-Group/Papers/raw/master/2016/2016-GI-Thuem.pdf},
  note = {In German}
}

@article{SSS+16,
  author = {Hagen Schink and Janet Siegmund and Reimar Schröter and Thomas Thüm and Gunter Saake},
  title = {A Study on Tool Support for Refactoring in Database Applications},
  year = {2016},
  month = {5},
  journal = {Softwaretechnik-Trends},
  issn = {0720-8928},
  tags = {SoftVarE},
  url = {http://pi.informatik.uni-siegen.de/stt/36_2/index.html},
  note = {}
}

@inproceedings{KAT:GPCE16,
  author = {Matthias Kowal and Sofia Ananieva and Thomas Thüm},
  title = {Explaining Anomalies in Feature Models},
  year = {2016},
  month = {10},
  booktitle = {Proc. Int'l Conf. on Generative Programming: Concepts and Experiences (GPCE)},
  address = {New York, NY, USA},
  publisher = {ACM},
  location = {Amsterdam, Netherlands},
  pages = {132-143},
  doi = {10.1145/2993236.2993248},
  isbn = {978-1-4503-4446-3},
  tags = {SoftVarE},
  url = {https://github.com/SoftVarE-Group/Papers/raw/master/2016/2016-GPCE-Kowal.pdf},
  note = {}
}

@inproceedings{AKT+:GPCE16,
  author = {Mustafa Al-Hajjaji and Sebastian Krieter and Thomas Thüm and Malte Lochau and Gunter Saake},
  title = {IncLing: Efficient Product-line Testing Using Incremental Pairwise Sampling},
  year = {2016},
  month = {10},
  booktitle = {Proc. Int'l Conf. on Generative Programming: Concepts and Experiences (GPCE)},
  address = {New York, NY, USA},
  publisher = {ACM},
  location = {Amsterdam, Netherlands},
  pages = {144-155},
  doi = {10.1145/2993236.2993253},
  isbn = {978-1-4503-4446-3},
  tags = {SoftVarE},
  url = {https://github.com/SoftVarE-Group/Papers/raw/master/2016/2016-GPCE-Al-Hajjaji.pdf},
  note = {}
}

@inproceedings{AMK+:GPCE16,
  author = {Mustafa Al-Hajjaji and Jens Meinicke and Sebastian Krieter and Reimar Schröter and Thomas Thüm and Thomas Leich and Gunter Saake},
  title = {Tool Demo: Testing Configurable Systems with FeatureIDE},
  year = {2016},
  month = {10},
  booktitle = {Proc. Int'l Conf. on Generative Programming: Concepts and Experiences (GPCE)},
  address = {New York, NY, USA},
  publisher = {ACM},
  location = {Amsterdam, Netherlands},
  pages = {173-177},
  doi = {10.1145/2993236.2993254},
  isbn = {978-1-4503-4446-3},
  tags = {SoftVarE},
  url = {https://github.com/SoftVarE-Group/Papers/raw/master/2016/2016-GPCE-Al-Hajjaji-Demo.pdf},
  note = {}
}

@inproceedings{AKTS:FOSD16,
  author = {Sofia Ananieva and Matthias Kowal and Thomas Thüm and Ina Schaefer},
  title = {Implicit Constraints in Partial Feature Models},
  year = {2016},
  month = {10},
  booktitle = {Proc. Int'l Workshop on Feature-Oriented Software Development (FOSD)},
  address = {New York, NY, USA},
  publisher = {ACM},
  location = {Amsterdam, Netherlands},
  pages = {18-27},
  doi = {10.1145/3001867.3001870},
  isbn = {978-1-4503-4647-4},
  tags = {SoftVarE},
  url = {https://github.com/SoftVarE-Group/Papers/raw/master/2016/2016-FOSD-Ananieva.pdf},
  note = {}
}

@inproceedings{TRS+:SPLC16,
  author = {Thomas Thüm and Marcio Ribeiro and Reimar Schröter and Janet Siegmund and Francisco Dalton},
  title = {Product-Line Maintenance with Emergent Contract Interfaces},
  year = {2016},
  month = {9},
  booktitle = {Proc. Int'l Systems and Software Product Line Conf. (SPLC)},
  address = {New York, NY, USA},
  publisher = {ACM},
  location = {Beijing, China},
  pages = {134-143},
  doi = {10.1145/2934466.2934471},
  isbn = {978-1-4503-4050-2},
  tags = {SoftVarE},
  url = {https://github.com/SoftVarE-Group/Papers/raw/master/2016/2016-SPLC-Thuem.pdf},
  note = {}
}

@inproceedings{KST+:SPLC16,
  author = {Sebastian Krieter and Reimar Schröter and Thomas Thüm and Wolfram Fenske and Gunter Saake},
  title = {Comparing Algorithms for Efficient Feature-Model Slicing},
  year = {2016},
  month = {9},
  booktitle = {Proc. Int'l Systems and Software Product Line Conf. (SPLC)},
  address = {New York, NY, USA},
  publisher = {ACM},
  location = {Beijing, China},
  pages = {60-64},
  doi = {10.1145/2934466.2934477},
  isbn = {978-1-4503-4050-2},
  tags = {SoftVarE},
  url = {https://github.com/SoftVarE-Group/Papers/raw/master/2016/2016-SPLC-Krieter.pdf},
  note = {}
}

@inproceedings{PTF+:SPLC16,
  author = {Tristan Pfofe and Thomas Thüm and Sandro Schulze and Wolfram Fenske and Ina Schaefer},
  title = {Synchronizing Software Variants with VariantSync},
  year = {2016},
  month = {9},
  booktitle = {Proc. Int'l Systems and Software Product Line Conf. (SPLC)},
  address = {New York, NY, USA},
  publisher = {ACM},
  location = {Beijing, China},
  pages = {329-332},
  doi = {10.1145/2934466.2962726},
  isbn = {978-1-4503-4050-2},
  tags = {VariantSyncPre, SoftVarE},
  url = {https://github.com/SoftVarE-Group/Papers/raw/master/2016/2016-SPLC-Pfofe.pdf},
  note = {}
}

@inproceedings{TLK:SPLC16,
  author = {Thomas Thüm and Thomas Leich and Sebastian Krieter},
  title = {Clean Your Variable Code with FeatureIDE},
  year = {2016},
  month = {9},
  booktitle = {Proc. Int'l Systems and Software Product Line Conf. (SPLC)},
  address = {New York, NY, USA},
  publisher = {ACM},
  location = {Beijing, China},
  pages = {308-308},
  doi = {10.1145/2934466.2956655},
  isbn = {978-1-4503-4050-2},
  tags = {SoftVarE},
  url = {https://github.com/SoftVarE-Group/Papers/raw/master/2016/2016-SPLC-Thuem-Tutorial.pdf},
  note = {}
}

@inproceedings{HNTS:ISoLA16,
  author = {Sönke Holthusen and Michael Nieke and Thomas Thüm and Ina Schaefer},
  title = {Proof-Carrying Apps: Contract-Based Deployment-Time Verification},
  year = {2016},
  month = {10},
  booktitle = {Proc. Int'l Symposium on Leveraging Applications of Formal Methods, Verification and Validation (ISoLA)},
  address = {Berlin, Heidelberg, Germany},
  publisher = {Springer},
  location = {Corfu, Greece},
  pages = {839-855},
  doi = {10.1007/978-3-319-47166-2_58},
  isbn = {978-3-319-47166-2},
  tags = {SoftVarE},
  url = {https://github.com/SoftVarE-Group/Papers/raw/master/2016/2016-ISoLA-Holthusen.pdf},
  note = {}
}

@inproceedings{MWK+:ASE16,
  author = {Jens Meinicke and Chu-Pan Wong and Christian Kästner and Thomas Thüm and Gunter Saake},
  title = {On Essential Configuration Complexity: Measuring Interactions In Highly-Configurable Systems},
  year = {2016},
  month = {9},
  booktitle = {Proc. Int'l Conf. on Automated Software Engineering (ASE)},
  address = {New York, NY, USA},
  publisher = {ACM},
  location = {Singapore, Singapore},
  pages = {483-494},
  doi = {10.1145/2970276.2970322},
  isbn = {978-1-4503-3845-5},
  tags = {SoftVarE},
  url = {https://github.com/SoftVarE-Group/Papers/raw/master/2016/2016-ASE-Meinicke.pdf},
  note = {}
}

@techreport{KAT:TR16,
  author = {Matthias Kowal and Sofia Ananieva and Thomas Thüm},
  title = {Explaining Anomalies in Feature Models (Technical Report)},
  year = {2016},
  month = {8},
  booktitle = {Technical Report 2016-01},
  address = {Germany},
  tags = {SoftVarE},
  url = {https://github.com/SoftVarE-Group/Papers/raw/master/2016/2016-TR-Kowal.pdf},
  note = {}
}

@inproceedings{LMTS:ICSR16,
  author = {Sascha Lity and Thomas Morbach and Thomas Thüm and Ina Schaefer},
  title = {Applying Incremental Model Slicing to Product-Line Regression Testing},
  year = {2016},
  month = {6},
  booktitle = {Proc. Int'l Conf. on Software Reuse (ICSR)},
  address = {Berlin, Heidelberg, Germany},
  publisher = {Springer},
  location = {Limassol, Cyprus},
  pages = {3-19},
  doi = {10.1007/978-3-319-35122-3_1},
  isbn = {978-3-319-35122-3},
  tags = {SoftVarE},
  url = {https://github.com/SoftVarE-Group/Papers/raw/master/2016/2016-ICSR-Lity.pdf},
  note = {}
}

@inproceedings{SKT+:ICSE16,
  author = {Reimar Schröter and Sebastian Krieter and Thomas Thüm and Fabian Benduhn and Gunter Saake},
  title = {Feature-Model Interfaces: The Highway to Compositional Analyses of Highly-Configurable Systems},
  year = {2016},
  month = {5},
  booktitle = {Proc. Int'l Conf. on Software Engineering (ICSE)},
  address = {New York, NY, USA},
  publisher = {ACM},
  location = {Austin, Texas},
  pages = {667-678},
  doi = {10.1145/2884781.2884823},
  isbn = {978-1-4503-3900-1},
  tags = {SoftVarE},
  url = {https://github.com/SoftVarE-Group/Papers/raw/master/2016/2016-ICSE-Schroeter.pdf},
  note = {}
}

@inproceedings{MTS+:ICSE16,
  author = {Jens Meinicke and Thomas Thüm and Reimar Schröter and Sebastian Krieter and Fabian Benduhn and Gunter Saake and Thomas Leich},
  title = {FeatureIDE: Taming the Preprocessor Wilderness},
  year = {2016},
  month = {5},
  booktitle = {Proc. Int'l Conf. on Software Engineering (ICSE)},
  address = {New York, NY, USA},
  publisher = {ACM},
  location = {Austin, Texas},
  pages = {629-632},
  doi = {10.1145/2889160.2889175},
  isbn = {978-1-4503-4205-6},
  tags = {SoftVarE},
  url = {https://github.com/SoftVarE-Group/Papers/raw/master/2016/2016-ICSE-Meinicke.pdf},
  note = {}
}

@techreport{KSTS:TR16,
  author = {Sebastian Krieter and Reimar Schröter and Thomas Thüm and Gunter Saake},
  title = {An Efficient Algorithm for Feature-Model Slicing},
  year = {2016},
  month = {4},
  booktitle = {Technical Report FIN-001-2016},
  address = {Germany},
  issn = {1869-5078},
  tags = {SoftVarE},
  url = {https://github.com/SoftVarE-Group/Papers/raw/master/2016/2016-TR-Krieter.pdf},
  note = {}
}

@inproceedings{ABT+:VaMoS16,
  author = {Mustafa Al-Hajjaji and Fabian Benduhn and Thomas Thüm and Thomas Leich and Gunter Saake},
  title = {Mutation Operators for Preprocessor-Based Variability},
  year = {2016},
  month = {1},
  booktitle = {Proc. Int'l Workshop on Variability Modelling of Software-Intensive Systems (VaMoS)},
  address = {New York, NY, USA},
  publisher = {ACM},
  location = {Salvador, Brazil},
  pages = {81-88},
  doi = {10.1145/2866614.2866626},
  isbn = {978-1-4503-4019-9},
  tags = {SoftVarE},
  url = {https://github.com/SoftVarE-Group/Papers/raw/master/2016/2016-VaMoS-Al-Hajjaji.pdf},
  note = {}
}

@inproceedings{TWS+:VaMoS16,
  author = {Thomas Thüm and Tim Winkelmann and Reimar Schröter and Martin Hentschel and Stefan Krüger},
  title = {Variability Hiding in Contracts for Dependent Software Product Lines},
  year = {2016},
  month = {1},
  booktitle = {Proc. Int'l Workshop on Variability Modelling of Software-Intensive Systems (VaMoS)},
  address = {New York, NY, USA},
  publisher = {ACM},
  location = {Salvador, Brazil},
  pages = {97-104},
  doi = {10.1145/2866614.2866628},
  isbn = {978-1-4503-4019-9},
  tags = {SoftVarE},
  url = {https://github.com/SoftVarE-Group/Papers/raw/master/2016/2016-VaMoS-Thuem.pdf},
  note = {}
}

@article{RTS+:JLAMP16,
  author = {Alexander von Rhein and Thomas Thüm and Ina Schaefer and Jörg Liebig and Sven Apel},
  title = {Variability Encoding: From Compile-Time to Load-Time Variability},
  year = {2016},
  month = {1},
  journal = {J. Logic and Algebraic Methods in Programming (JLAMP)},
  pages = {125-145},
  doi = {10.1016/j.jlamp.2015.06.007},
  issn = {2352-2208},
  tags = {SoftVarE},
  url = {https://github.com/SoftVarE-Group/Papers/raw/master/2016/2016-JLAMP-Rhein.pdf},
  note = {}
}

@inproceedings{BTL+:VaMoS15,
  author = {Fabian Benduhn and Thomas Thüm and Malte Lochau and Thomas Leich and Gunter Saake},
  title = {A Survey on Modeling Techniques for Formal Behavioral Verification of Software Product Lines},
  year = {2015},
  month = {1},
  booktitle = {Proc. Int'l Workshop on Variability Modelling of Software-Intensive Systems (VaMoS)},
  address = {New York, NY, USA},
  publisher = {ACM},
  location = {Hildesheim, Germany},
  pages = {80:80-80:87},
  doi = {10.1145/2701319.2701332},
  isbn = {978-1-4503-3273-6},
  tags = {SoftVarE},
  url = {https://github.com/SoftVarE-Group/Papers/raw/master/2015/2015-VaMoS-Benduhn.pdf},
  note = {}
}

@inproceedings{KSFS:VaMoS15,
  author = {Sebastian Krieter and Reimar Schröter and Wolfram Fenske and Gunter Saake},
  title = {Use-Case-Specific Source-Code Documentation for Feature-Oriented Programming},
  year = {2015},
  booktitle = {Proc. Int'l Workshop on Variability Modelling of Software-Intensive Systems (VaMoS)},
  address = {New York, NY, USA},
  publisher = {ACM},
  location = {Hildesheim, Germany},
  pages = {27:27-27:34},
  isbn = {978-1-4503-3273-6},
  tags = {SoftVarE},
  url = {https://github.com/SoftVarE-Group/Papers/raw/master/2015/2015-VaMoS-Krieter.pdf},
  note = {}
}

@techreport{SKT+:TR15subsumedbySKT+:ICSE16,
  author = {Reimar Schröter and Sebastian Krieter and Thomas Thüm and Fabian Benduhn and Gunter Saake},
  title = {Feature-Model Interfaces for Compositional Analyses},
  year = {2015},
  month = {5},
  booktitle = {Technical Report FIN-001-2015},
  address = {Germany},
  issn = {1869-5078},
  tags = {SoftVarE},
  url = {https://github.com/SoftVarE-Group/Papers/raw/master/2015/2015-TR-Schroeter.pdf},
  note = {}
}

@inproceedings{OGRT:SLE15,
  author = {Lina Ochoa and Oscar Gonzalez-Rojas and Thomas Thüm},
  title = {Using Decision Rules for Solving Conflicts in Extended Feature Models},
  year = {2015},
  month = {10},
  booktitle = {Proc. Int'l Conf. on Software Language Engineering (SLE)},
  address = {New York, NY, USA},
  publisher = {ACM},
  location = {Pittsburgh, PA, USA},
  pages = {149-160},
  isbn = {978-1-4503-3686-4},
  tags = {SoftVarE},
  url = {https://dl.acm.org/citation.cfm?id = 2814263},
  note = {}
}

@inproceedings{TAK+:SE15,
  author = {Thomas Thüm and Sven Apel and Christian Kästner and Ina Schaefer and Gunter Saake},
  title = {Analysis Strategies for Software Product Lines: A Classification and Survey},
  year = {2015},
  month = {3},
  booktitle = {Proc. Software Engineering (SE)},
  address = {Bonn, Germany},
  publisher = {Gesellschaft für Informatik},
  location = {Dresden, Germany},
  pages = {57-58},
  isbn = {978-3-88579-633-6},
  issn = {1617-5468},
  tags = {SoftVarE},
  url = {https://github.com/SoftVarE-Group/Papers/raw/master/2015/2015-SE-Thuem.pdf},
  note = {}
}

@phdthesis{T15,
  author = {Thomas Thüm},
  title = {Product-Line Specification and Verification with Feature-Oriented Contracts},
  year = {2015},
  month = {2},
  address = {Germany},
  school = {University of Magdeburg},
  tags = {SoftVarE},
  url = {https://github.com/SoftVarE-Group/Papers/raw/master/2015/2015-PhD-Thuem.pdf},
  note = {}
}

@inproceedings{ATM+:SPLC14subsumedbyATL+:SoSyM19,
  author = {Mustafa Al-Hajjaji and Thomas Thüm and Jens Meinicke and Malte Lochau and Gunter Saake},
  title = {Similarity-Based Prioritization in Software Product-Line Testing},
  year = {2014},
  month = {9},
  booktitle = {Proc. Int'l Systems and Software Product Line Conf. (SPLC)},
  address = {New York, NY, USA},
  publisher = {ACM},
  location = {Florence, Italy},
  pages = {197-206},
  doi = {10.1145/2648511.2648532},
  isbn = {978-1-4503-2740-4},
  tags = {SoftVarE},
  url = {https://github.com/SoftVarE-Group/Papers/raw/master/2014/2014-SPLC-Al-Hajjaji.pdf},
  note = {}
}

@inproceedings{TMB+:SPLC14,
  author = {Thomas Thüm and Jens Meinicke and Fabian Benduhn and Martin Hentschel and Alexander von Rhein and Gunter Saake},
  title = {Potential Synergies of Theorem Proving and Model Checking for Software Product Lines},
  year = {2014},
  month = {9},
  booktitle = {Proc. Int'l Systems and Software Product Line Conf. (SPLC)},
  address = {New York, NY, USA},
  publisher = {ACM},
  location = {Florence, Italy},
  pages = {177-186},
  doi = {10.1145/2648511.2648530},
  isbn = {978-1-4503-2740-4},
  tags = {SoftVarE},
  url = {https://github.com/SoftVarE-Group/Papers/raw/master/2014/2014-SPLC-Thuem.pdf},
  note = {}
}

@inproceedings{MTS+:SPLat14,
  author = {Jens Meinicke and Thomas Thüm and Reimar Schröter and Fabian Benduhn and Gunter Saake},
  title = {An Overview on Analysis Tools for Software Product Lines},
  year = {2014},
  month = {9},
  booktitle = {Proc. Workshop on Software Product Line Analysis Tools (SPLat)},
  address = {New York, NY, USA},
  publisher = {ACM},
  location = {Florence, Italy},
  pages = {94-101},
  doi = {10.1145/2647908.2655972},
  isbn = {978-1-4503-2739-8},
  tags = {SoftVarE},
  url = {https://github.com/SoftVarE-Group/Papers/raw/master/2014/2014-SPLatools-Meinicke.pdf},
  note = {}
}

@inproceedings{SSTS:SPLC14,
  author = {Reimar Schröter and Norbert Siegmund and Thomas Thüm and Gunter Saake},
  title = {Feature-Context Interfaces: Tailored Programming Interfaces for Software Product Lines},
  year = {2014},
  month = {9},
  booktitle = {Proc. Int'l Systems and Software Product Line Conf. (SPLC)},
  address = {New York, NY, USA},
  publisher = {ACM},
  location = {Florence, Italy},
  pages = {102-111},
  doi = {10.1145/2648511.2648522},
  isbn = {978-1-4503-2740-4},
  tags = {SoftVarE},
  url = {https://github.com/SoftVarE-Group/Papers/raw/master/2014/2014-SPLC-Schroeter.pdf},
  note = {}
}

@article{TAK+:CSUR14,
  author = {Thomas Thüm and Sven Apel and Christian Kästner and Ina Schaefer and Gunter Saake},
  title = {A Classification and Survey of Analysis Strategies for Software Product Lines},
  year = {2014},
  month = {6},
  address = {New York, NY, USA},
  publisher = {ACM},
  journal = {ACM Computing Surveys (CSUR)},
  pages = {6:1-6:45},
  doi = {10.1145/2580950},
  issn = {0360-0300},
  tags = {SoftVarE},
  url = {https://github.com/SoftVarE-Group/Papers/raw/master/2014/2014-CSUR-Thuem.pdf},
  note = {}
}

@inproceedings{RLB+:AOSD14,
  author = {Henrique Rebelo and Gary T. Leavens and Mehdi Bagherzadeh and Hridesh Rajan and Ricardo Lima and Daniel M. Zimmerman and Marcio Cornelio and Thomas Thüm},
  title = {AspectJML: Modular Specification and Runtime Checking for Crosscutting Contracts},
  year = {2014},
  month = {4},
  booktitle = {Proc. Int'l Conf. on Aspect-Oriented Software Development (AOSD)},
  address = {New York, NY, USA},
  publisher = {ACM},
  location = {Lugano, Switzerland},
  pages = {157-168},
  doi = {10.1145/2577080.2577084},
  isbn = {978-1-4503-2772-5},
  tags = {SoftVarE},
  url = {https://github.com/SoftVarE-Group/Papers/raw/master/2014/2014-AOSD-Rebelo.pdf},
  note = {}
}

@inproceedings{RLB+:AOSDtool14,
  author = {Henrique Rebelo and Gary T. Leavens and Mehdi Bagherzadeh and Hridesh Rajan and Ricardo Lima and Daniel M. Zimmerman and Marcio Cornelio and Thomas Thüm},
  title = {Modularizing Crosscutting Contracts with AspectJML},
  year = {2014},
  month = {4},
  booktitle = {Proc. Int'l Conf. on Aspect-Oriented Software Development (AOSD)},
  address = {New York, NY, USA},
  publisher = {ACM},
  location = {Lugano, Switzerland},
  pages = {21-24},
  doi = {10.1145/2584469.2584476},
  isbn = {978-1-4503-2772-5},
  tags = {SoftVarE},
  url = {https://github.com/SoftVarE-Group/Papers/raw/master/2014/2014-AOSD-Rebelo-Demo.pdf},
  note = {}
}

@inproceedings{T:SE14,
  author = {Thomas Thüm},
  title = {Modular Reasoning for Crosscutting Concerns with Contracts},
  year = {2014},
  month = {2},
  booktitle = {Proc. Software Engineering (SE)},
  address = {Bonn, Germany},
  publisher = {Gesellschaft für Informatik},
  location = {Kiel, Germany},
  pages = {65-66},
  isbn = {978-388579-621-3},
  issn = {1617-5468},
  tags = {SoftVarE},
  url = {https://github.com/SoftVarE-Group/Papers/raw/master/2014/2014-SE-Thuem.pdf},
  note = {}
}

@inproceedings{FTS:VaMoS14,
  author = {Wolfram Fenske and Thomas Thüm and Gunter Saake},
  title = {A Taxonomy of Software Product Line Reengineering},
  year = {2014},
  month = {1},
  booktitle = {Proc. Int'l Workshop on Variability Modelling of Software-Intensive Systems (VaMoS)},
  address = {New York, NY, USA},
  publisher = {ACM},
  location = {Sophia Antipolis, France},
  pages = {4:1-4:8},
  doi = {10.1145/2556624.2556643},
  isbn = {978-1-4503-2556-1},
  tags = {SoftVarE},
  url = {https://github.com/SoftVarE-Group/Papers/raw/master/2014/2014-VaMoS-Fenske.pdf},
  note = {}
}

@article{TKB+:SCP14,
  author = {Thomas Thüm and Christian Kästner and Fabian Benduhn and Jens Meinicke and Gunter Saake and Thomas Leich},
  title = {FeatureIDE: An Extensible Framework for Feature-Oriented Software Development},
  year = {2014},
  month = {1},
  journal = {Science of Computer Programming (SCP)},
  pages = {70-85},
  doi = {10.1016/j.scico.2012.06.002},
  issn = {0167-6423},
  tags = {SoftVarE},
  url = {https://github.com/SoftVarE-Group/Papers/raw/master/2014/2014-SCP-Thuem.pdf},
  note = {}
}

@inproceedings{STSJ:Informatik13,
  author = {Janet Siegmund and Thomas Thüm and Sandro Schulze and Elmar Jürgens},
  title = {Agile Methoden im Softwareprojekt},
  year = {2013},
  month = {9},
  booktitle = {Jahrestagung der Gesellschaft für Informatik},
  publisher = {Gesellschaft für Informatik},
  location = {Koblenz, Germany},
  pages = {234},
  isbn = {978-3-88579-614-5},
  tags = {SoftVarE},
  url = {https://pdfs.semanticscholar.org/1b86/7b7b245f56c94922e6d2a4eb518ff50e3969.pdf},
  note = {}
}

@inproceedings{SST:MultiPLE13,
  author = {Reimar Schröter and Norbert Siegmund and Thomas Thüm},
  title = {Towards Modular Analysis of Multi Product Lines},
  year = {2013},
  month = {8},
  booktitle = {Proc. Int'l Workshop on Multi Product Line Engineering (MultiPLE)},
  address = {New York, NY, USA},
  publisher = {ACM},
  location = {Tokyo, Japan},
  pages = {96-99},
  doi = {10.1145/2499777.2500719},
  isbn = {978-1-4503-2325-3},
  tags = {SoftVarE},
  url = {https://github.com/SoftVarE-Group/Papers/raw/master/2013/2013-MultiPLE-Schroeter.pdf},
  note = {}
}

@techreport{RLB+:TR13subsumedbyRLB+:AOSD14,
  author = {Henrique Rebelo and Gary T. Leavens and Mehdi Bagherzadeh and Hridesh Rajan and Ricardo Lima and Daniel M. Zimmerman and Marcio Cornelio and Thomas Thüm},
  title = {AspectJML: Modular Specification and Runtime Checking for Crosscutting Contracts (Technical Report)},
  year = {2013},
  month = {9},
  booktitle = {Technical Report CS-TR-13-07},
  address = {Orlando, FL, USA},
  tags = {SoftVarE},
  url = {https://github.com/SoftVarE-Group/Papers/raw/master/2013/2013-TR-Rebelo.pdf},
  note = {}
}

@article{ARTK13,
  author = {Sven Apel and Alexander von Rhein and Thomas Thüm and Christian Kästner},
  title = {Feature-Interaction Detection Based on Feature-Based Specifications},
  year = {2013},
  month = {8},
  publisher = {Elsevier North-Holland, Inc.},
  journal = {Computer Networks},
  pages = {2399-2409},
  doi = {10.1016/j.comnet.2013.02.025},
  issn = {1389-1286},
  tags = {SoftVarE},
  url = {https://github.com/SoftVarE-Group/Papers/raw/master/2013/2013-ComNet-Apel.pdf},
  note = {}
}

@inproceedings{T:ISSTA13,
  author = {Thomas Thüm},
  title = {Product-Line Verification with Feature-Oriented Contracts},
  year = {2013},
  month = {7},
  booktitle = {Proc. Int'l Symposium on Software Testing and Analysis (ISSTA)},
  address = {New York, NY, USA},
  publisher = {ACM},
  location = {Lugano, Switzerland},
  pages = {374-377},
  doi = {10.1145/2483760.2492396},
  isbn = {978-1-4503-2159-4},
  tags = {SoftVarE},
  url = {https://github.com/SoftVarE-Group/Papers/raw/master/2013/2013-ISSTA-Thuem.pdf},
  note = {}
}

@inproceedings{TAZ+:MASPEGHI13,
  author = {Thomas Thüm and Sven Apel and Andreas Zelend and Reimar Schröter and Bernhard Möller},
  title = {Subclack: Feature-Oriented Programming with Behavioral Feature Interfaces},
  year = {2013},
  month = {7},
  booktitle = {Proc. Workshop on MechAnisms for SPEcialization, Generalization and inHerItance (MASPEGHI)},
  address = {New York, NY, USA},
  publisher = {ACM},
  location = {Montpellier, France},
  pages = {1-8},
  doi = {10.1145/2489828.2489829},
  isbn = {978-1-4503-2046-7},
  tags = {SoftVarE},
  url = {https://github.com/SoftVarE-Group/Papers/raw/master/2013/2013-MASPEGHI-Thuem.pdf},
  note = {}
}

@inproceedings{STSS:VaMoS13,
  author = {Reimar Schröter and Thomas Thüm and Norbert Siegmund and Gunter Saake},
  title = {Automated Analysis of Dependent Feature Models},
  year = {2013},
  month = {1},
  booktitle = {Proc. Int'l Workshop on Variability Modelling of Software-Intensive Systems (VaMoS)},
  address = {New York, NY, USA},
  publisher = {ACM},
  location = {Pisa, Italy},
  pages = {9:1-9:5},
  doi = {10.1145/2430502.2430515},
  isbn = {978-1-4503-1541-8},
  tags = {SoftVarE},
  url = {https://github.com/SoftVarE-Group/Papers/raw/master/2013/2013-VaMoS-Schroeter.pdf},
  note = {}
}

@inproceedings{RAK+:VaMoS13,
  author = {Alexander von Rhein and Sven Apel and Christian Kästner and Thomas Thüm and Ina Schaefer},
  title = {The PLA Model: On the Combination of Product-Line Analyses},
  year = {2013},
  month = {1},
  booktitle = {Proc. Int'l Workshop on Variability Modelling of Software-Intensive Systems (VaMoS)},
  address = {New York, NY, USA},
  publisher = {ACM},
  location = {Pisa, Italy},
  pages = {14:1-14:8},
  doi = {10.1145/2430502.2430515},
  isbn = {978-1-4503-1541-8},
  tags = {SoftVarE},
  url = {https://github.com/SoftVarE-Group/Papers/raw/master/2013/2013-VaMoS-Rhein.pdf},
  note = {}
}

@article{TSP+:ISRN12,
  author = {Thomas Thüm and Sandro Schulze and Mario Pukall and Gunter Saake and Sebastian Günther},
  title = {Secure and Customizable Data Management for Automotive Systems: A Feasibility Study},
  year = {2012},
  month = {3},
  journal = {ISRN Software Engineering},
  doi = {10.5402/2012/424230},
  tags = {SoftVarE},
  url = {https://github.com/SoftVarE-Group/Papers/raw/master/2012/2012-ISRN-Thuem.pdf},
  note = {}
}

@article{TB12,
  author = {Thomas Thüm and Fabian Benduhn},
  title = {Entwicklung von Softwarevarianten mit FeatureIDE},
  year = {2012},
  month = {1},
  journal = {Eclipse Magazin},
  pages = {94-97},
  tags = {SoftVarE},
  note = {}
}

@proceedings{FOSD12,
  editor = {Ina Schaefer and Thomas Thüm},
  title = {Proceedings of the 4th International Workshop on Feature-Oriented Software Development (FOSD)},
  year = {2012},
  month = {9},
  address = {New York, NY, USA},
  publisher = {ACM},
  location = {Dresden, Germany},
  doi = {10.1145/2377816},
  isbn = {978-1-4503-1309-4},
  tags = {SoftVarE, EditorialThomasThuem},
  url = {https://github.com/SoftVarE-Group/Papers/raw/master/2012/2012-proceedings-Schaefer.pdf},
  note = {}
}

@inproceedings{T:MIT12subsumedbyT15,
  author = {Thomas Thüm},
  title = {Verification of Software Product Lines Using Contracts},
  year = {2012},
  month = {7},
  booktitle = {Doktorandentagung Magdeburger-Informatik-Tage (MIT)},
  address = {Germany},
  publisher = {University of Magdeburg},
  location = {Magdeburg, Germany},
  pages = {75-82},
  isbn = {978-3-940961-73-0},
  tags = {SoftVarE},
  url = {https://github.com/SoftVarE-Group/Papers/raw/master/2012/2012-MIT-Thuem.pdf},
  note = {}
}

@inproceedings{TSAH:GPCE12,
  author = {Thomas Thüm and Ina Schaefer and Sven Apel and Martin Hentschel},
  title = {Family-Based Deductive Verification of Software Product Lines},
  year = {2012},
  month = {9},
  booktitle = {Proc. Int'l Conf. on Generative Programming and Component Engineering (GPCE)},
  address = {New York, NY, USA},
  publisher = {ACM},
  location = {Dresden, Germany},
  pages = {11-20},
  doi = {10.1145/2371401.2371404},
  isbn = {978-1-4503-1129-8},
  tags = {SoftVarE},
  url = {https://github.com/SoftVarE-Group/Papers/raw/master/2012/2012-GPCE-Thuem.pdf},
  note = {}
}

@article{KATS:TOSEM12,
  author = {Christian Kästner and Sven Apel and Thomas Thüm and Gunter Saake},
  title = {Type Checking Annotation-Based Product Lines},
  year = {2012},
  month = {7},
  address = {New York, NY, USA},
  publisher = {ACM},
  journal = {Trans. on Software Engineering and Methodology (TOSEM)},
  pages = {14:1-14:39},
  doi = {10.1145/2211616.2211617},
  issn = {1049-331X},
  tags = {SoftVarE},
  url = {https://github.com/SoftVarE-Group/Papers/raw/master/2012/2012-TOSEM-Kaestner.pdf},
  note = {}
}

@techreport{TAK+:TR12subsumedbyTAK+:CSUR14,
  author = {Thomas Thüm and Sven Apel and Christian Kästner and Martin Kuhlemann and Ina Schaefer and Gunter Saake},
  title = {Analysis Strategies for Software Product Lines},
  year = {2012},
  month = {4},
  booktitle = {Technical Report FIN-004-2012},
  address = {Germany},
  issn = {1869-5078},
  tags = {SoftVarE},
  url = {http://www.cs.uni-magdeburg.de/inf_media/downloads/forschung/technical_reports_und_preprints/2012/04_2012.pdf},
  note = {}
}

@inproceedings{TSK+:FASE12,
  author = {Thomas Thüm and Ina Schaefer and Martin Kuhlemann and Sven Apel and Gunter Saake},
  title = {Applying Design by Contract to Feature-Oriented Programming},
  year = {2012},
  month = {3},
  booktitle = {Proc. Int'l Conf. on Fundamental Approaches to Software Engineering (FASE)},
  address = {Berlin, Heidelberg, Germany},
  publisher = {Springer},
  location = {Tallinn, Estonia},
  pages = {255-269},
  doi = {10.1007/978-3-642-28872-2_18},
  isbn = {978-3-642-28871-5},
  tags = {SoftVarE},
  url = {https://github.com/SoftVarE-Group/Papers/raw/master/2012/2012-FASE-Thuem.pdf},
  note = {}
}

@inproceedings{STKS:VaMoS12,
  author = {Sandro Schulze and Thomas Thüm and Martin Kuhlemann and Gunter Saake},
  title = {Variant-Preserving Refactoring in Feature-Oriented Software Product Lines},
  year = {2012},
  month = {1},
  booktitle = {Proc. Int'l Workshop on Variability Modelling of Software-Intensive Systems (VaMoS)},
  address = {New York, NY, USA},
  publisher = {ACM},
  pages = {73-81},
  doi = {http://doi.acm.org/10.1145/2110147.2110156},
  tags = {SoftVarE},
  url = {https://github.com/SoftVarE-Group/Papers/raw/master/2012/2012-VaMoS-Schulze.pdf},
  note = {}
}

@techreport{TSP+:11,
  author = {Thomas Thüm and Sandro Schulze and Mario Pukall and Gunter Saake and Sebastian Günther},
  title = {AutoDaMa: On the Feasibility of Secure and Tailor-made Automotive Data Management},
  year = {2011},
  month = {11},
  booktitle = {Technical Report FIN-008-2011},
  address = {Germany},
  tags = {SoftVarE},
  url = {http://www.cs.uni-magdeburg.de/inf_media/downloads/forschung/technical_reports_und_preprints/2011/TechReport08-p-3754.pdf},
  note = {}
}

@inproceedings{STAL:FOSD11,
  author = {Wolfgang Scholz and Thomas Thüm and Sven Apel and Christian Lengauer},
  title = {Automatic Detection of Feature Interactions Using the Java Modeling Language: An Experience Report},
  year = {2011},
  month = {8},
  booktitle = {Proc. Int'l Workshop on Feature-Oriented Software Development (FOSD)},
  address = {New York, NY, USA},
  publisher = {ACM},
  location = {Munich, Germany},
  pages = {7:1-7:8},
  doi = {http://doi.acm.org/10.1145/2019136.2019144},
  isbn = {978-1-4503-0789-5},
  tags = {SoftVarE},
  url = {https://github.com/SoftVarE-Group/Papers/raw/master/2011/2011-FOSD-Scholz.pdf},
  note = {}
}

@inproceedings{TKES:SPLC11,
  author = {Thomas Thüm and Christian Kästner and Sebastian Erdweg and Norbert Siegmund},
  title = {Abstract Features in Feature Modeling},
  year = {2011},
  month = {8},
  booktitle = {Proc. Int'l Systems and Software Product Line Conf. (SPLC)},
  address = {Washington, DC, USA},
  publisher = {IEEE},
  location = {Munich, Germany},
  pages = {191-200},
  doi = {10.1109/SPLC.2011.53},
  isbn = {978-0-7695-4487-8},
  tags = {SoftVarE},
  url = {https://github.com/SoftVarE-Group/Papers/raw/master/2011/2011-SPLC-Thuem.pdf},
  note = {}
}

@inproceedings{TSKA:VAST11,
  author = {Thomas Thüm and Ina Schaefer and Martin Kuhlemann and Sven Apel},
  title = {Proof Composition for Deductive Verification of Software Product Lines},
  year = {2011},
  month = {3},
  booktitle = {Proc. Int'l Workshop on Variability-Intensive Systems Testing, Validation and Verification (VAST)},
  address = {Washington, DC, USA},
  publisher = {IEEE},
  pages = {270-277},
  doi = {10.1109/ICSTW.2011.48},
  tags = {SoftVarE},
  url = {https://github.com/SoftVarE-Group/Papers/raw/master/2011/2011-VAST-Thuem.pdf},
  note = {}
}

@inproceedings{RSTS:VAMOS11,
  author = {Marko Rosenmüller and Norbert Siegmund and Thomas Thüm and Gunter Saake},
  title = {Multi-Dimensional Variability Modeling},
  year = {2011},
  month = {1},
  booktitle = {Proc. Int'l Workshop on Variability Modelling of Software-Intensive Systems (VaMoS)},
  address = {New York, NY, USA},
  publisher = {ACM},
  location = {Namur, Belgium},
  pages = {11-22},
  tags = {SoftVarE},
  url = {https://github.com/SoftVarE-Group/Papers/raw/master/2011/2011-VaMoS-Rosenmueller.pdf},
  note = {}
}

@inproceedings{TBK:ICSE09,
  author = {Thomas Thüm and Don Batory and Christian Kästner},
  title = {Reasoning About Edits to Feature Models},
  year = {2009},
  month = {5},
  booktitle = {Proc. Int'l Conf. on Software Engineering (ICSE)},
  address = {Washington, DC, USA},
  publisher = {IEEE},
  location = {Vancouver, Canada},
  pages = {254-264},
  doi = {10.1109/ICSE.2009.5070526},
  isbn = {978-1-4244-3453-4},
  tags = {SoftVarE},
  url = {https://github.com/SoftVarE-Group/Papers/raw/master/2009/2009-ICSE-Thuem.pdf},
  note = {}
}

@inproceedings{KTS+:ICSE09,
  author = {Christian Kästner and Thomas Thüm and Gunter Saake and Janet Feigenspan and Thomas Leich and Fabian Wielgorz and Sven Apel},
  title = {FeatureIDE: A Tool Framework for Feature-Oriented Software Development},
  year = {2009},
  month = {5},
  booktitle = {Proc. Int'l Conf. on Software Engineering (ICSE)},
  address = {Washington, DC, USA},
  publisher = {IEEE},
  location = {Vancouver, Canada},
  pages = {611-614},
  tags = {SoftVarE},
  url = {https://github.com/SoftVarE-Group/Papers/raw/master/2009/2009-ICSE-Kaestner.pdf},
  note = {Formal demonstration paper}
}

@misc{B:CVM19,
  author = {Paul Maximilian Bittner and Jan-Philipp Tauscher and Steve Grogorick and Marcus Magnor},
  title = {Evaluation of Optimised Centres of Rotation Skinning},
  year = {2019},
  month = {4},
  tags = {SoftVarE},
  url = {https://graphics.tu-bs.de/publications/bittner2019evaluation},
  note = {}
}