

@inproceedings{KAN+:SPLC21,
  author = {Sebastian Krieter and Rahel Arens and Michael Nieke and Chico Sundermann and Tobias Heß and Thomas Thüm and Christoph Seidl},
  title = {Incremental Construction of Modal Implication Graphs for Evolving Feature Models},
  year = {2021},
  month = {September},
  booktitle = {Proc. Int'l Systems and Software Product Line Conf. (SPLC) (To Appear)},
  address = {New York, NY, USA},
  publisher = {ACM},
  note = {To appear}
}

@inproceedings{SFE+:SPLC21,
  author = {Chico Sundermann and Kevin Feichtinger and Dominik Engelhardt and Rick Rabiser and Thomas Thüm},
  title = {Yet Another Textual Variability Language? A Community Effort Towards a Unified Language},
  year = {2021},
  month = {September},
  booktitle = {Proc. Int'l Systems and Software Product Line Conf. (SPLC) (To Appear)},
  address = {New York, NY, USA},
  publisher = {ACM},
  note = {To appear}
}

@inproceedings{PKT+:SPLC21,
  author = {Tobias Pett and Sebastian Krieter and Thomas Thüm and Malte Lochau and Ina Schaefer},
  title = {AutoSMP: An Evaluation Platform for Sampling Algorithms},
  year = {2021},
  month = {September},
  booktitle = {Proc. Int'l Systems and Software Product Line Conf. (SPLC) (To Appear)},
  address = {New York, NY, USA},
  publisher = {ACM},
  note = {To appear}
}

@inproceedings{BST+:ESECFSE21,
  author = {Paul Maximilian Bittner and Alexander Schultheiß and Thomas Thüm and Timo Kehrer and Jeffrey M. Young and Lukas Linsbauer},
  title = {Feature Trace Recording},
  year = {2021},
  month = {August},
  booktitle = {Proc. Europ. Software Engineering Conf./Foundations of Software Engineering (ESEC/FSE) (To Appear)},
  address = {New York, NY, USA},
  publisher = {ACM},
  location = {Athens, Greece},
  note = {To appear},
  tags = {VariantSyncPub}
}

@article{NST+:SoSyM21,
  author = {Michael Nieke and Gabriela Sampaio and Thomas Thüm and Christoph Seidl and Leopoldo Teixeira and Ina Schaefer},
  title = {Guiding the Evolution of Product-Line Configurations},
  year = {2021},
  journal = {Software and System Modeling (SoSyM) (To Appear)},
  note = {To appear}
}

@inproceedings{KTS:FormaliSE21,
  author = {Alexander Knüppel and Thomas Thüm and Ina Schaefer},
  title = {GUIDO: Automated Guidance for the Configuration of Deductive Program Verifiers},
  year = {2021},
  booktitle = {Proc. Int'l Conf. on Formal Methods in Software Engineering (FormaliSE) (To Appear)},
  address = {New York, NY, USA},
  publisher = {ACM},
  note = {To appear}
}

@inproceedings{KTSB:ICSE21,
  author = {Timo Kehrer and Thomas Thüm and Alexander Schultheiß and Paul Maximilian Bittner},
  title = {Bridging the Gap Between Clone-and-Own and Software Product Lines},
  year = {2021},
  month = {May},
  booktitle = {Proc. Int'l Conf. on Software Engineering (ICSE)},
  address = {Piscataway, NJ, USA},
  publisher = {IEEE},
  pages = {21-25},
  doi = {10.1109/ICSE-NIER52604.2021.00013},
  isbn = {978-1-6654-0140-1},
  tags = {VariantSyncPub}
}

@article{DGT:EMSE21,
  author = {Laurence Duchien and Paul Grünbacher and Thomas Thüm},
  title = {Foreword to the Special Issue on Configurable Systems},
  year = {2021},
  month = {May},
  journal = {Empirical Software Engineering (EMSE)},
  pages = {72},
  doi = {10.1007/s10664-021-09964-6},
  tags = {EditorialThomasThuem}
}

@inproceedings{RSC+:SE21,
  author = {Tobias Runge and Ina Schaefer and Loek Cleophas and Thomas Thüm and Derrick Kourie and Bruce W. Watson},
  title = {Tool Support for Correctness-by-Construction (Extended Abstract)},
  year = {2021},
  booktitle = {Proc. Software Engineering (SE) (To Appear)},
  address = {Bonn, Germany},
  publisher = {Gesellschaft für Informatik},
  location = {Brunswick, Germany},
  pages = {93-94},
  doi = {10.18420/SE2021_34},
  note = {To appear}
}

@inproceedings{KJN+:SE21,
  author = {Alexander Knüppel and Inga Jatzkowski and Marcus Nolte and Thomas Thüm and Tobias Runge and Ina Schaefer},
  title = {Skill-Based Verification of Cyber-Physical Systems (Extended Abstract)},
  year = {2021},
  booktitle = {Proc. Software Engineering (SE)},
  address = {Bonn, Germany},
  publisher = {Gesellschaft für Informatik},
  location = {Brunswick, Germany},
  pages = {67-68},
  doi = {10.18420/SE2021_22}
}

@inproceedings{PKR+:VaMoS21,
  author = {Tobias Pett and Sebastian Krieter and Tobias Runge and Thomas Thüm and Malte Lochau and Ina Schaefer},
  title = {Stability of Product-Line Sampling in Continuous Integration},
  year = {2021},
  booktitle = {Proc. Int'l Working Conf. on Variability Modelling of Software-Intensive Systems (VaMoS)},
  address = {New York, NY, USA},
  publisher = {ACM},
  location = {Krems, Austria},
  doi = {10.1145/3442391.3442410},
  isbn = {9781450388245}
}

@inproceedings{HPTS:VaMoS21,
  author = {Marc Hentze and Tobias Pett and Thomas Thüm and Ina Schaefer},
  title = {Hyper Explanations for Feature-Model Defect Analysis},
  year = {2021},
  booktitle = {Proc. Int'l Working Conf. on Variability Modelling of Software-Intensive Systems (VaMoS)},
  address = {New York, NY, USA},
  publisher = {ACM},
  location = {Krems, Austria},
  doi = {10.1145/3442391.3442406},
  isbn = {9781450388245}
}

@inproceedings{SNB+:VaMoS21,
  author = {Chico Sundermann and Michael Nieke and Paul Maximilian Bittner and Tobias Heß and Thomas Thüm and Ina Schaefer},
  title = {Applications of #SAT Solvers on Feature Models},
  year = {2021},
  booktitle = {Proc. Int'l Working Conf. on Variability Modelling of Software-Intensive Systems (VaMoS)},
  address = {New York, NY, USA},
  publisher = {ACM},
  location = {Krems, Austria},
  doi = {10.1145/3442391.3442404},
  isbn = {9781450388245},
  tags = {VariantSyncPub}
}

@inbook{KKT+20,
  author = {Alexander Knüppel and Stefan Krüger and Thomas Thüm and Richard Bubel and Sebastian Krieter and Eric Bodden and Ina Schaefer},
  title = {Using Abstract Contracts for Verifying Evolving Features and Their Interactions},
  year = {2020},
  booktitle = {Deductive Software Verification: Future Perspectives - Reflections on the Occasion of 20 Years of KeY},
  address = {Cham, Switzerland},
  publisher = {Springer},
  pages = {122-148},
  doi = {10.1007/978-3-030-64354-6_5},
  isbn = {978-3-030-64354-6}
}

@inproceedings{useNST+:SoSyM21,
  author = {Michael Nieke and Gabriela Sampaio and Thomas Thüm and Christoph Seidl and Leopoldo Teixeira and Ina Schaefer},
  title = {GuyDance: Guiding Configuration Updates for Product-Line Evolution},
  year = {2020},
  month = {October},
  booktitle = {Proc. Int'l Workshop on Variability and Evolution of Software-Intensive Systems (VariVolution)},
  address = {New York, NY, USA},
  publisher = {ACM},
  location = {Montreal, QC, Canada},
  pages = {56-64},
  doi = {10.1145/3382026.3425769},
  isbn = {9781450375702}
}

@inproceedings{YWT:SPLC20,
  author = {Jeffrey M. Young and Eric Walkingshaw and Thomas Thüm},
  title = {Variational Satisfiability Solving},
  year = {2020},
  booktitle = {Proc. Int'l Systems and Software Product Line Conf. (SPLC)},
  address = {New York, NY, USA},
  publisher = {ACM},
  location = {Montreal, QC, Canada},
  doi = {10.1145/3382025.3414965},
  isbn = {9781450375696},
  tags = {VariantSyncPub}
}

@inproceedings{SBKT:SPLC20,
  author = {Alexander Schultheiß and Paul Maximilian Bittner and Timo Kehrer and Thomas Thüm},
  title = {On the Use of Product-Line Variants as Experimental Subjects for Clone-and-Own Research: A Case Study},
  year = {2020},
  booktitle = {Proc. Int'l Systems and Software Product Line Conf. (SPLC)},
  address = {New York, NY, USA},
  publisher = {ACM},
  location = {Montreal, QC, Canada},
  doi = {10.1145/3382025.3414972},
  isbn = {9781450375696},
  tags = {VariantSyncPub}
}

@inproceedings{T:SPLC20,
  author = {Thomas Thüm},
  title = {A BDD for Linux? The Knowledge Compilation Challenge for Variability},
  year = {2020},
  booktitle = {Proc. Int'l Systems and Software Product Line Conf. (SPLC)},
  address = {New York, NY, USA},
  publisher = {ACM},
  location = {Montreal, QC, Canada},
  doi = {10.1145/3382025.3414943},
  isbn = {9781450375696}
}

@inproceedings{RKTS:FormaliSE20,
  author = {Tobias Runge and Alexander Knüppel and Thomas Thüm and Ina Schaefer},
  title = {Lattice-Based Information Flow Control-by-Construction for Security-by-Design},
  year = {2020},
  booktitle = {Proc. Int'l Conf. on Formal Methods in Software Engineering (FormaliSE)},
  address = {New York, NY, USA},
  publisher = {ACM},
  location = {Seoul, Republic of Korea},
  pages = {44-54},
  doi = {10.1145/3372020.3391565},
  isbn = {9781450370714}
}

@inproceedings{RTC+:REFINE20,
  author = {Tobias Runge and Thomas Thüm and Loek Cleophas and Ina Schaefer and Bruce W. Watson},
  title = {Comparing Correctness-by-Construction with Post-Hoc Verification - A Qualitative User Study},
  year = {2020},
  booktitle = {Proc. Int'l Workshop on Refinement (REFINE)},
  address = {Cham, Switzerland},
  publisher = {Springer},
  pages = {388-405},
  doi = {10.1007/978-3-030-54997-8_25}
}

@inproceedings{KJN+:FASE20,
  author = {Alexander Knüppel and Inga Jatzkowski and Marcus Nolte and Thomas Thüm and Tobias Runge and Ina Schaefer},
  title = {Skill-Based Verification of Cyber-Physical Systems},
  year = {2020},
  month = {April},
  booktitle = {Proc. Int'l Conf. on Fundamental Approaches to Software Engineering (FASE)},
  address = {Berlin, Heidelberg, Germany},
  publisher = {Springer},
  location = {Dublin, Ireland},
  pages = {203-223},
  doi = {10.1007/978-3-030-45234-6_10}
}

@inproceedings{KTS+:VaMoS20,
  author = {Sebastian Krieter and Thomas Thüm and Sandro Schulze and Gunter Saake and Thomas Leich},
  title = {YASA: Yet Another Sampling Algorithm},
  year = {2020},
  month = {February},
  booktitle = {Proc. Int'l Working Conf. on Variability Modelling of Software-Intensive Systems (VaMoS)},
  address = {New York, NY, USA},
  publisher = {ACM},
  location = {Magdeburg, Germany},
  doi = {10.1145/3377024.3377042},
  isbn = {9781450375016}
}

@inproceedings{BRK+:VaMoS20,
  author = {Tabea Bordis and Tobias Runge and Alexander Knüppel and Thomas Thüm and Ina Schaefer},
  title = {Variational Correctness-by-Construction},
  year = {2020},
  month = {February},
  booktitle = {Proc. Int'l Working Conf. on Variability Modelling of Software-Intensive Systems (VaMoS)},
  address = {New York, NY, USA},
  publisher = {ACM},
  location = {Magdeburg, Germany},
  doi = {10.1145/3377024.3377038},
  isbn = {9781450375016}
}

@inproceedings{SSK+:VaMoS20,
  author = {Joshua Sprey and Chico Sundermann and Sebastian Krieter and Michael Nieke and Jacopo Mauro and Thomas Thüm and Ina Schaefer},
  title = {SMT-Based Variability Analyses in FeatureIDE},
  year = {2020},
  month = {February},
  booktitle = {Proc. Int'l Working Conf. on Variability Modelling of Software-Intensive Systems (VaMoS)},
  address = {New York, NY, USA},
  publisher = {ACM},
  location = {Magdeburg, Germany},
  doi = {10.1145/3377024.3377036},
  isbn = {9781450375016}
}

@inproceedings{STS:VaMoS20,
  author = {Chico Sundermann and Thomas Thüm and Ina Schaefer},
  title = {Evaluating #SAT Solvers on Industrial Feature Models},
  year = {2020},
  month = {February},
  booktitle = {Proc. Int'l Working Conf. on Variability Modelling of Software-Intensive Systems (VaMoS)},
  address = {New York, NY, USA},
  publisher = {ACM},
  location = {Magdeburg, Germany},
  doi = {10.1145/3377024.3377025},
  isbn = {9781450375016}
}