

@inproceedings{T:SPLC21,
  author = {Thomas Thüm},
  title = {Keynote: Where Are My Constraints and What Do They Constrain?},
  year = {2021},
  month = {9},
  booktitle = {Proc. Int'l Systems and Software Product Line Conf. (SPLC)},
  address = {New York, NY, USA},
  publisher = {ACM},
  location = {Leicester, United Kingdom},
  pages = {XVIII},
  isbn = {9781450384698},
  tags = {SoftVarE},
  url = {https://github.com/SoftVarE-Group/Papers/raw/main/2021/2021-SPLC-Thuem.pdf},
  note = {}
}

@inproceedings{RBTS:FMTea21,
  author = {Tobias Runge and Tabea Bordis and Thomas Thüm and Ina Schaefer},
  title = {Teaching Correctness-by-Construction and Post-Hoc Verification - The Online Experience},
  year = {2021},
  month = {11},
  booktitle = {Proc. Int'l Workshop and Tutorial on Formal Methods Teaching (FMTea)},
  address = {Berlin, Heidelberg, Germany},
  publisher = {Springer},
  pages = {101-116},
  doi = {10.1007/978-3-030-91550-6_8},
  isbn = {978-3-030-91549-0},
  tags = {SoftVarE},
  url = {https://github.com/SoftVarE-Group/Papers/raw/main/2021/2021-FMTea-Runge.pdf},
  note = {}
}

@inproceedings{KTS:FormaliSE21,
  author = {Alexander Knüppel and Thomas Thüm and Ina Schaefer},
  title = {GUIDO: Automated Guidance for the Configuration of Deductive Program Verifiers},
  year = {2021},
  month = {5},
  booktitle = {Proc. Int'l Conf. on Formal Methods in Software Engineering (FormaliSE)},
  address = {Piscataway, NJ, USA},
  publisher = {IEEE},
  pages = {124-129},
  doi = {10.1109/FormaliSE52586.2021.00018},
  tags = {SoftVarE},
  url = {https://github.com/SoftVarE-Group/Papers/raw/main/2021/2021-FormaliSE-Knueppel.pdf},
  note = {}
}

@inproceedings{SBG+:MODELS21,
  author = {Alexander Schultheiß and Paul Maximilian Bittner and Lars Grunske and Thomas Thüm and Timo Kehrer},
  title = {Scalable N-Way Model Matching Using Multi-Dimensional Search Trees},
  year = {2021},
  month = {10},
  booktitle = {Proc. Int'l Conf. on Model Driven Engineering Languages and Systems (MODELS)},
  address = {Washington, DC, USA},
  publisher = {IEEE},
  location = {Virtual Event, Fukuoka, Japan},
  pages = {1-12},
  doi = {10.1109/MODELS50736.2021.00010},
  tags = {VariantSyncPub, SoftVarE},
  url = {https://github.com/SoftVarE-Group/Papers/raw/main/2021/2021-MODELS-Schultheiss.pdf},
  note = {}
}

@proceedings{MODEVARatSPLC21,
  editor = {Thomas Thüm and Philippe Collet and Mathieu Acher},
  title = {Fourth International Workshop on Languages for Modelling Variability (MODEVAR@SPLC 2021)},
  year = {2021},
  month = {9},
  booktitle = {Proc. Int'l Systems and Software Product Line Conf. (SPLC)},
  address = {New York, NY, USA},
  publisher = {ACM},
  location = {Leicester, United Kingdom},
  pages = {205-205},
  doi = {10.1145/3461001.3473056},
  isbn = {9781450384698},
  tags = {SoftVarE, EditorialThomasThuem},
  url = {https://github.com/SoftVarE-Group/Papers/raw/main/2021/2021-SPLC-Thuem.pdf},
  note = {}
}

@inproceedings{HST:SPLC21,
  author = {Tobias Heß and Chico Sundermann and Thomas Thüm},
  title = {On the Scalability of Building Binary Decision Diagrams for Current Feature Models},
  year = {2021},
  month = {9},
  booktitle = {Proc. Int'l Systems and Software Product Line Conf. (SPLC)},
  address = {New York, NY, USA},
  publisher = {ACM},
  location = {Leicester, United Kingdom},
  pages = {131-135},
  doi = {10.1145/3461001.3474452},
  isbn = {9781450384698},
  tags = {OBDDimal, SoftVarE},
  url = {https://github.com/SoftVarE-Group/Papers/raw/main/2021/2021-SPLC-Hess.pdf},
  note = {}
}

@inproceedings{SHE+:MODEVAR21,
  author = {Chico Sundermann and Tobias Heß and Dominik Engelhardt and Rahel Arens and Johannes Herschel and Kevin Jedelhauser and Benedikt Jutz and Sebastian Krieter and Ina Schaefer},
  title = {Integration of UVL in FeatureIDE},
  year = {2021},
  month = {9},
  booktitle = {Proc. Int'l Workshop on Languages for Modelling Variability (MODEVAR)},
  address = {New York, NY, USA},
  publisher = {ACM},
  location = {Leicester, United Kindom},
  pages = {73-79},
  doi = {10.1145/3461002.3473940},
  isbn = {9781450384704},
  tags = {UVL, SoftVarE},
  url = {https://github.com/SoftVarE-Group/Papers/raw/main/2021/2021-MODEVAR-Sundermann.pdf},
  note = {}
}

@inproceedings{KAN+:SPLC21,
  author = {Sebastian Krieter and Rahel Arens and Michael Nieke and Chico Sundermann and Tobias Heß and Thomas Thüm and Christoph Seidl},
  title = {Incremental Construction of Modal Implication Graphs for Evolving Feature Models},
  year = {2021},
  month = {9},
  booktitle = {Proc. Int'l Systems and Software Product Line Conf. (SPLC)},
  address = {New York, NY, USA},
  publisher = {ACM},
  location = {Leicester, United Kingdom},
  pages = {64-74},
  doi = {10.1145/3461001.3471148},
  isbn = {9781450384698},
  tags = {SoftVarE},
  url = {https://github.com/SoftVarE-Group/Papers/raw/main/2021/2021-SPLC-Krieter.pdf},
  note = {}
}

@inproceedings{SFE+:SPLC21,
  author = {Chico Sundermann and Kevin Feichtinger and Dominik Engelhardt and Rick Rabiser and Thomas Thüm},
  title = {Yet Another Textual Variability Language? A Community Effort Towards a Unified Language},
  year = {2021},
  month = {9},
  booktitle = {Proc. Int'l Systems and Software Product Line Conf. (SPLC)},
  address = {New York, NY, USA},
  publisher = {ACM},
  location = {Leicester, United Kingdom},
  pages = {136-147},
  doi = {10.1145/3461001.3471145},
  isbn = {9781450384698},
  tags = {UVL, SoftVarE},
  url = {https://github.com/SoftVarE-Group/Papers/raw/main/2021/2021-SPLC-Sundermann.pdf},
  note = {}
}

@inproceedings{PKT+:SPLC21,
  author = {Tobias Pett and Sebastian Krieter and Thomas Thüm and Malte Lochau and Ina Schaefer},
  title = {AutoSMP: An Evaluation Platform for Sampling Algorithms},
  year = {2021},
  month = {9},
  booktitle = {Proc. Int'l Systems and Software Product Line Conf. (SPLC)},
  address = {New York, NY, USA},
  publisher = {ACM},
  location = {Leicester, United Kingdom},
  pages = {41-44},
  doi = {10.1145/3461002.3473073},
  isbn = {9781450384704},
  tags = {SoftVarE},
  url = {https://github.com/SoftVarE-Group/Papers/raw/main/2021/2021-SPLC-Pett.pdf},
  note = {}
}

@inproceedings{BST+:ESECFSE21,
  author = {Paul Maximilian Bittner and Alexander Schultheiß and Thomas Thüm and Timo Kehrer and Jeffrey M. Young and Lukas Linsbauer},
  title = {Feature Trace Recording},
  year = {2021},
  month = {8},
  booktitle = {Proc. Europ. Software Engineering Conf./Foundations of Software Engineering (ESEC/FSE)},
  address = {New York, NY, USA},
  publisher = {ACM},
  location = {Athens, Greece},
  pages = {1007-1020},
  doi = {10.1145/3468264.3468531},
  isbn = {9781450385626},
  tags = {VariantSyncPub, SoftVarE},
  url = {https://github.com/SoftVarE-Group/Papers/raw/main/2021/2021-ESECFSE-Bittner.pdf},
  note = {}
}

@inproceedings{KTSB:ICSE21,
  author = {Timo Kehrer and Thomas Thüm and Alexander Schultheiß and Paul Maximilian Bittner},
  title = {Bridging the Gap Between Clone-and-Own and Software Product Lines},
  year = {2021},
  month = {5},
  booktitle = {Proc. Int'l Conf. on Software Engineering (ICSE)},
  address = {Piscataway, NJ, USA},
  publisher = {IEEE},
  pages = {21-25},
  doi = {10.1109/ICSE-NIER52604.2021.00013},
  isbn = {978-1-6654-0140-1},
  tags = {VariantSyncPub, SoftVarE},
  url = {https://github.com/SoftVarE-Group/Papers/raw/main/2021/2021-ICSE-Kehrer.pdf},
  note = {}
}

@book{DGT:EMSE21,
  editor = {Laurence Duchien and Paul Grünbacher and Thomas Thüm},
  title = {Special Issue on Configurable Systems in Empirical Software Engineering (EMSE)},
  year = {2021},
  month = {5},
  doi = {10.1007/s10664-021-09964-6},
  tags = {SoftVarE, EditorialThomasThuem},
  url = {https://github.com/SoftVarE-Group/Papers/raw/main/2021/2021-EMSE-Duchien.pdf},
  note = {}
}

@article{KKK+:EMSE21,
  author = {Elias Kuiter and Sebastian Krieter and Jacob Krüger and Gunter Saake and Thomas Leich},
  title = {variED: An Editor for Collaborative, Real-Time Feature Modeling},
  year = {2021},
  month = {3},
  publisher = {Springer},
  journal = {Empirical Software Engineering (EMSE)},
  pages = {24},
  doi = {10.1007/s10664-020-09892-x},
  tags = {SoftVarE},
  note = {}
}

@inproceedings{RSC+:SE21,
  author = {Tobias Runge and Ina Schaefer and Loek Cleophas and Thomas Thüm and Derrick Kourie and Bruce W. Watson},
  title = {Tool Support for Correctness-by-Construction (Extended Abstract)},
  year = {2021},
  month = {2},
  booktitle = {Proc. Software Engineering (SE)},
  address = {Bonn, Germany},
  publisher = {Gesellschaft für Informatik},
  location = {Brunswick, Germany},
  pages = {93-94},
  doi = {10.18420/SE2021_34},
  tags = {SoftVarE},
  url = {https://github.com/SoftVarE-Group/Papers/raw/main/2021/2021-SE-Runge.pdf},
  note = {}
}

@inproceedings{KJN+:SE21,
  author = {Alexander Knüppel and Inga Jatzkowski and Marcus Nolte and Thomas Thüm and Tobias Runge and Ina Schaefer},
  title = {Skill-Based Verification of Cyber-Physical Systems (Extended Abstract)},
  year = {2021},
  month = {2},
  booktitle = {Proc. Software Engineering (SE)},
  address = {Bonn, Germany},
  publisher = {Gesellschaft für Informatik},
  location = {Brunswick, Germany},
  pages = {67-68},
  doi = {10.18420/SE2021_22},
  tags = {SoftVarE},
  url = {https://github.com/SoftVarE-Group/Papers/raw/main/2021/2021-SE-Knueppel.pdf},
  note = {}
}

@inproceedings{PKR+:VaMoS21,
  author = {Tobias Pett and Sebastian Krieter and Tobias Runge and Thomas Thüm and Malte Lochau and Ina Schaefer},
  title = {Stability of Product-Line Sampling in Continuous Integration},
  year = {2021},
  month = {2},
  booktitle = {Proc. Int'l Working Conf. on Variability Modelling of Software-Intensive Systems (VaMoS)},
  address = {New York, NY, USA},
  publisher = {ACM},
  location = {Krems, Austria},
  doi = {10.1145/3442391.3442410},
  isbn = {9781450388245},
  tags = {SoftVarE},
  url = {https://github.com/SoftVarE-Group/Papers/raw/main/2021/2021-VaMoS-Pett.pdf},
  note = {}
}

@inproceedings{HPTS:VaMoS21,
  author = {Marc Hentze and Tobias Pett and Thomas Thüm and Ina Schaefer},
  title = {Hyper Explanations for Feature-Model Defect Analysis},
  year = {2021},
  month = {2},
  booktitle = {Proc. Int'l Working Conf. on Variability Modelling of Software-Intensive Systems (VaMoS)},
  address = {New York, NY, USA},
  publisher = {ACM},
  location = {Krems, Austria},
  doi = {10.1145/3442391.3442406},
  isbn = {9781450388245},
  tags = {SoftVarE},
  url = {https://github.com/SoftVarE-Group/Papers/raw/main/2021/2021-VaMoS-Hentze.pdf},
  note = {}
}

@inproceedings{SNB+:VaMoS21,
  author = {Chico Sundermann and Michael Nieke and Paul Maximilian Bittner and Tobias Heß and Thomas Thüm and Ina Schaefer},
  title = {Applications of #SAT Solvers on Feature Models},
  year = {2021},
  month = {2},
  booktitle = {Proc. Int'l Working Conf. on Variability Modelling of Software-Intensive Systems (VaMoS)},
  address = {New York, NY, USA},
  publisher = {ACM},
  location = {Krems, Austria},
  doi = {10.1145/3442391.3442404},
  isbn = {9781450388245},
  tags = {VariantSyncPub, FMCounting, SoftVarE},
  url = {https://github.com/SoftVarE-Group/Papers/raw/main/2021/2021-VaMoS-Sundermann.pdf},
  note = {}
}