

@techreport{RBP+:TR22,
  author = {Tobias Runge and Tabea Bordis and Alex Potanin and Thomas Thüm and Ina Schaefer},
  title = {Flexible Correct-by-Construction Programming},
  year = {2022},
  month = {11},
  booktitle = {Technical Report arXiv:2205.15180},
  doi = {10.48550/arXiv.2205.15180},
  tags = {SoftVarE},
  url = {https://arxiv.org/abs/2205.15180},
  note = {}
}

@inproceedings{HPS+:GPCE22,
  author = {Marc Hentze and Tobias Pett and Chico Sundermann and Sebastian Krieter and Thomas Thüm and Ina Schaefer},
  title = {Generic Solution-Space Sampling for Multi-Domain Product Lines},
  year = {2022},
  month = {12},
  booktitle = {Proc. Int'l Conf. on Generative Programming: Concepts and Experiences (GPCE)},
  address = {New York, NY, USA},
  publisher = {ACM},
  location = {Auckland, New Zealand},
  doi = {10.1145/3564719.3568695},
  tags = {SoftVarE},
  url = {https://github.com/SoftVarE-Group/Papers/raw/main/2022/2022-GPCE-Hentze.pdf},
  note = {}
}

@inproceedings{SBTK:ICSME22,
  author = {Alexander Schultheiß and Paul Maximilian Bittner and Thomas Thüm and Timo Kehrer},
  title = {Quantifying the Potential to Automate the Synchronization of Variants in Clone-and-Own},
  year = {2022},
  month = {10},
  booktitle = {Proc. Int'l Conf. on Software Maintenance and Evolution (ICSME)},
  address = {Piscataway, NJ, USA},
  publisher = {IEEE},
  location = {Limassol, Cyprus},
  pages = {269-280},
  doi = {10.1109/ICSME55016.2022.00032},
  tags = {VariantSyncPub, SoftVarE},
  url = {https://github.com/SoftVarE-Group/Papers/raw/main/2022/2022-ICSME-Schultheiss.pdf},
  note = {}
}

@article{SBB+:SoSyM22,
  author = {Alexander Schultheiß and Paul Maximilian Bittner and Alexander Boll and Lars Grunske and Thomas Thüm and Timo Kehrer},
  title = {RaQuN: A Generic and Scalable N-Way Model Matching Algorithm},
  year = {2022},
  month = {11},
  publisher = {Springer},
  journal = {Software and System Modeling (SoSyM)},
  doi = {10.1007/s10270-022-01062-5},
  tags = {VariantSyncPub, SoftVarE},
  url = {https://seg.inf.unibe.ch/papers/SBB%2B_SoSyM22.pdf},
  note = {}
}

@article{YBWT:EMSE22,
  author = {Jeffrey M. Young and Paul Maximilian Bittner and Eric Walkingshaw and Thomas Thüm},
  title = {Variational Satisfiability Solving: Efficiently Solving Lots of Related SAT Problems},
  year = {2022},
  month = {11},
  publisher = {Springer},
  journal = {Empirical Software Engineering (EMSE)},
  doi = {10.1007/s10664-022-10217-3},
  tags = {VariantSyncPub, SoftVarE},
  url = {https://github.com/SoftVarE-Group/Papers/raw/main/2022/2022-EMSE-Young.pdf},
  note = {}
}

@inproceedings{BTS+:ESECFSE22,
  author = {Paul Maximilian Bittner and Christof Tinnes and Alexander Schultheiß and Sören Viegener and Timo Kehrer and Thomas Thüm},
  title = {Classifying Edits to Variability in Source Code},
  year = {2022},
  month = {11},
  booktitle = {Proc. Europ. Software Engineering Conf./Foundations of Software Engineering (ESEC/FSE)},
  address = {New York, NY, USA},
  publisher = {ACM},
  location = {Singapore, Singapore},
  pages = {196-208},
  doi = {10.1145/3540250.3549108},
  isbn = {9781450394130},
  tags = {VariantSyncPub, SoftVarE},
  url = {https://github.com/SoftVarE-Group/Papers/raw/main/2022/2022-ESECFSE-Bittner.pdf},
  note = {}
}

@inproceedings{KKS+:ASE22,
  author = {Elias Kuiter and Sebastian Krieter and Chico Sundermann and Thomas Thüm and Gunter Saake},
  title = {Tseitin or not Tseitin? The Impact of CNF Transformations on Feature-Model Analyses},
  year = {2022},
  month = {10},
  booktitle = {Proc. Int'l Conf. on Automated Software Engineering (ASE)},
  address = {New York, NY, USA},
  publisher = {ACM},
  location = {Rochester, MI, USA},
  pages = {110:1-110:13},
  doi = {10.1145/3551349.3556938},
  isbn = {9781450394758},
  tags = {FMCounting, SoftVarE},
  url = {https://github.com/SoftVarE-Group/Papers/raw/main/2022/2022-ASE-Kuiter.pdf},
  note = {}
}

@inproceedings{HST+:MODELS22,
  author = {Marc Hentze and Chico Sundermann and Thomas Thüm and Ina Schaefer},
  title = {Quantifying the Variability Mismatch Between Problem and Solution Space},
  year = {2022},
  month = {10},
  booktitle = {Proc. Int'l Conf. on Model Driven Engineering Languages and Systems (MODELS)},
  address = {Washington, DC, USA},
  publisher = {IEEE},
  location = {Montreal, Quebec, Canada},
  pages = {322-333},
  doi = {10.1145/3550355.3552411},
  isbn = {9781450394666},
  tags = {FMCounting, SoftVarE},
  url = {https://github.com/SoftVarE-Group/Papers/raw/main/2022/2022-MODELS-Hentze.pdf},
  note = {}
}

@inproceedings{LWB+:SPLC22,
  author = {Lukas Linsbauer and Paul Westphal and Paul Maximilian Bittner and Sebastian Krieter and Thomas Thüm and Ina Schaefer},
  title = {Derivation of Subset Product Lines in FeatureIDE},
  year = {2022},
  month = {9},
  booktitle = {Proc. Int'l Systems and Software Product Line Conf. (SPLC)},
  address = {New York, NY, USA},
  publisher = {ACM},
  location = {Graz, Austria},
  pages = {38-41},
  doi = {10.1145/3503229.3547033},
  isbn = {9781450392068},
  tags = {SoftVarE},
  url = {https://github.com/SoftVarE-Group/Papers/raw/main/2022/2022-SPLC-Linsbauer.pdf},
  note = {}
}

@inproceedings{HMS+:SPLC22,
  author = {Tobias Heß and Tobias Müller and Chico Sundermann and Thomas Thüm},
  title = {ddueruem: A Wrapper for Feature-Model Analysis Tools},
  year = {2022},
  month = {9},
  booktitle = {Proc. Int'l Systems and Software Product Line Conf. (SPLC)},
  address = {New York, NY, USA},
  publisher = {ACM},
  location = {Graz, Austria},
  pages = {54-57},
  doi = {10.1145/3503229.3547032},
  isbn = {9781450392068},
  tags = {SoftVarE},
  url = {https://github.com/SoftVarE-Group/Papers/raw/main/2022/2022-SPLC-Hess.pdf},
  note = {}
}

@techreport{KTS+:TR22,
  author = {Sebastian Krieter and Thomas Thüm and Sandro Schulze and Sebastian Ruland and Malte Lochau and Gunter Saake and Thomas Leich},
  title = {T-Wise Presence Condition Coverage and Sampling for Configurable Systems},
  year = {2022},
  month = {5},
  booktitle = {Technical Report arXiv:2205.15180},
  doi = {10.48550/arXiv.2205.15180},
  tags = {SoftVarE},
  url = {https://arxiv.org/pdf/2205.15180},
  note = {}
}

@inproceedings{FSTR:SPLC22,
  author = {Kevin Feichtinger and Chico Sundermann and Thomas Thüm and Rick Rabiser},
  title = {It's Your Loss: Classifying Information Loss During Variability Model Roundtrip Transformations},
  year = {2022},
  month = {9},
  booktitle = {Proc. Int'l Systems and Software Product Line Conf. (SPLC)},
  address = {New York, NY, USA},
  publisher = {ACM},
  location = {Graz, Austria},
  pages = {67-78},
  doi = {10.1145/3546932.3546990},
  isbn = {9781450394437},
  tags = {UVL, SoftVarE},
  url = {https://github.com/SoftVarE-Group/Papers/raw/main/2022/2022-SPLC-Feichtinger.pdf},
  note = {}
}

@inproceedings{SFG+:SPLC22,
  author = {Chico Sundermann and Kevin Feichtinger and Jose A. Galindo and David Benavides and Rick Rabiser and Sebastian Krieter and Thomas Thüm},
  title = {Tutorial on the Universal Variability Language},
  year = {2022},
  month = {9},
  booktitle = {Proc. Int'l Systems and Software Product Line Conf. (SPLC)},
  address = {New York, NY, USA},
  publisher = {ACM},
  location = {Graz, Austria},
  pages = {260:1},
  doi = {10.1145/3546932.3547024},
  isbn = {9781450394437},
  tags = {UVL, SoftVarE},
  url = {https://github.com/SoftVarE-Group/Papers/raw/main/2022/2022-SPLC-Sundermann.pdf},
  note = {}
}

@inproceedings{SBE+:EASE22,
  author = {Alexander Schultheiß and Paul Maximilian Bittner and Sascha El-Sharkawy and Thomas Thüm and Timo Kehrer},
  title = {Simulating the Evolution of Clone-and-Own Projects with VEVOS},
  year = {2022},
  month = {6},
  booktitle = {Proc. Int'l Conf. on Evaluation Assessment in Software Engineering (EASE)},
  address = {New York, NY, USA},
  publisher = {ACM},
  location = {Gothenburg, Sweden},
  pages = {231-236},
  doi = {10.1145/3530019.3534084},
  isbn = {9781450396134},
  tags = {VariantSyncPub, SoftVarE},
  url = {https://github.com/SoftVarE-Group/Papers/raw/main/2022/2022-EASE-Schultheiss.pdf},
  note = {}
}

@inproceedings{RPTS:FORTE22,
  author = {Tobias Runge and Alex Potanin and Thomas Thüm and Ina Schaefer},
  title = {Traits: Correctness-by-Construction for Free},
  year = {2022},
  month = {6},
  booktitle = {Proc. Int'l Conf. on Formal Techniques for Distributed Objects, Components, and Systems (FORTE)},
  address = {Cham, Switzerland},
  publisher = {Springer},
  location = {Lucca, Italy},
  pages = {131-150},
  doi = {10.1007/978-3-031-08679-3_9},
  isbn = {978-3-031-08679-3},
  tags = {SoftVarE},
  url = {https://github.com/SoftVarE-Group/Papers/raw/main/2022/2022-FORTE-Runge.pdf},
  note = {}
}

@techreport{RPTS:TR22subsumedbyRPTS:FORTE22,
  author = {Tobias Runge and Alex Potanin and Thomas Thüm and Ina Schaefer},
  title = {Traits for Correct-by-Construction Programming},
  year = {2022},
  month = {4},
  booktitle = {Technical Report arXiv:2204.05644},
  tags = {SoftVarE},
  url = {https://arxiv.org/abs/2204.05644},
  note = {}
}

@inproceedings{BST+:SE22,
  author = {Paul Maximilian Bittner and Alexander Schultheiß and Thomas Thüm and Timo Kehrer and Jeffrey M. Young and Lukas Linsbauer},
  title = {Feature Trace Recording - Summary},
  year = {2022},
  month = {2},
  booktitle = {Proc. Software Engineering (SE)},
  address = {Bonn, Germany},
  publisher = {Gesellschaft für Informatik},
  location = {Berlin, Germany},
  pages = {19-20},
  doi = {10.18420/se2022-ws-002},
  tags = {VariantSyncPub, SoftVarE},
  url = {https://github.com/SoftVarE-Group/Papers/raw/main/2022/2022-SE-Bittner.pdf},
  note = {}
}

@inproceedings{SBT+:SE22,
  author = {Alexander Schultheiß and Paul Maximilian Bittner and Thomas Thüm and Timo Kehrer},
  title = {Scalable N-Way Model Matching Using Multi-Dimensional Search Trees - Summary},
  year = {2022},
  month = {2},
  booktitle = {Proc. Software Engineering (SE)},
  address = {Bonn, Germany},
  publisher = {Gesellschaft für Informatik},
  location = {Berlin, Germany},
  pages = {83-84},
  doi = {10.18420/se2022-ws-028},
  tags = {VariantSyncPub, SoftVarE},
  url = {https://github.com/SoftVarE-Group/Papers/raw/main/2022/2022-SE-Schultheiss.pdf},
  note = {}
}

@article{NST+:SoSyM22,
  author = {Michael Nieke and Gabriela Sampaio and Thomas Thüm and Christoph Seidl and Leopoldo Teixeira and Ina Schaefer},
  title = {Guiding the Evolution of Product-Line Configurations},
  year = {2022},
  month = {2},
  journal = {Software and System Modeling (SoSyM)},
  pages = {225-247},
  doi = {https://link.springer.com/article/10.1007/s10270-021-00906-w},
  tags = {SoftVarE},
  url = {https://link.springer.com/content/pdf/10.1007/s10270-021-00906-w.pdf},
  note = {}
}